FECHA,M,S,C,#,PROVEEDOR,F VTA,RETIRO,DEPOSITO,SALDO,,,,
02/01/2026,G,,612,,EMISION DE CHEQUERA LIBRAMIENTO DE CHEQU,,"$1,460.00",,$526.71,"$1,986.71",,,
02/01/2026,G,,147,,IVA,,$233.60,,$293.11,,,,
02/01/2026,I,42,102,,TARJETALA PIEDAD ABASTOS,31/12/2025,,"$3,940.04","$4,233.15",,,,
02/01/2026,I,50,102,,VENTAS CANINDO TARJETA ,31-12-25,,"$7,274.80","$11,507.95",,,,
02/01/2026,I,10,102,,VENTAS PADRE HIDALGO,AA,,"$11,119.70","$22,627.65",,,,
02/01/2026,I,V,102,,VENTAS PADRE HIDALGO,AA,,"$3,082.59","$25,710.24",,,,
02/01/2026,I,10,102,,VENTAS PADRE HIDALGO,AA,,"$16,282.05","$41,992.29",,,,
02/01/2026,I,10,102,,TARJETA VTA PADRE HIDALGO,01//01/26,,"$9,951.69","$51,943.98",,,,
02/01/2026,I,10,102,,VENTAS PADRE HIDALGO,AA,,"$27,173.82","$79,117.80",,,,
02/01/2026,I,10,102,,VENTAS PADRE HIDALGO,AA,,"$19,794.23","$98,912.03",,,,
02/01/2026,I,50,102,,VENTAS CANINDO TARJETA ,31-12-25,,"$3,115.38","$102,027.41",,,,
02/01/2026,I,42,102,,TARJETALA PIEDAD ABASTOS,,,"$16,757.40","$118,784.81",,,,
02/01/2026,G,,612,,Comision,,$150.00,,"$118,634.81",,,,
02/01/2026,G,,147,,Iva,,$24.00,,"$118,610.81",,,,
02/01/2026,G,,612,,Comision,,$68.86,,"$118,541.95",,,,
02/01/2026,G,,147,,Iva,,$11.02,,"$118,530.93",,,,
02/01/2026,G,,612,,Comision,,$200.00,,"$118,330.93",,,,
02/01/2026,G,,147,,Iva,,$32.00,,"$118,298.93",,,,
02/01/2026,G,,612,,Comision,,$137.11,,"$118,161.82",,,,
02/01/2026,G,,147,,Iva,,$21.94,,"$118,139.88",,,,
02/01/2026,G,,612,,Comision,,$200.00,,"$117,939.88",,,,
02/01/2026,G,,147,,Iva,,$32.00,,"$117,907.88",,,,
02/01/2026,G,,612,,Comision,,$196.59,,"$117,711.29",,,,
02/01/2026,G,,147,,Iva,,$31.45,,"$117,679.84",,,,
02/01/2026,G,,612,,Comision,,$54.57,,"$117,625.27",,,,
02/01/2026,G,,147,,Iva,,$8.73,,"$117,616.54",,,,
02/01/2026,G,,612,,Comision,,$200.00,,"$117,416.54",,,,
02/01/2026,G,,147,,Iva,,$32.00,,"$117,384.54",,,,
02/01/2026,G,,612,,Comision,,$315.31,,"$117,069.23",,,,
02/01/2026,G,,147,,Iva,,$50.45,,"$117,018.78",,,,
02/01/2026,G,,612,,Comision,,$232.36,,"$116,786.42",,,,
02/01/2026,G,,147,,Iva,,$37.18,,"$116,749.24",,,,
02/01/2026,G,,612,,Comision,,$488.27,,"$116,260.97",,,,
02/01/2026,G,,147,,Iva,,$78.12,,"$116,182.85",,,,
02/01/2026,G,,612,,Comision,,$374.91,,"$115,807.94",,,,
02/01/2026,G,,147,,Iva,,$59.99,,"$115,747.95",,,,
02/01/2026,G,,612,,Comision,,$200.00,,"$115,547.95",,,,
02/01/2026,G,,147,,Iva,,$32.00,,"$115,515.95",,,,
02/01/2026,G,,612,,Comision,,$59.63,,"$115,456.32",,,,
02/01/2026,G,,147,,Iva,,$9.54,,"$115,446.78",,,,
02/01/2026,G,,612,,Comision,,$294.47,,"$115,152.31",,,,
02/01/2026,G,,147,,Iva,,$47.12,,"$115,105.19",,,,
02/01/2026,G,,612,,Comision,,$200.00,,"$114,905.19",,,,
02/01/2026,G,,147,,Iva,,$32.00,,"$114,873.19",,,,
02/01/2026,G,,612,1,Tdc American Express,,$9.00,,"$114,864.19",,,,
02/01/2026,I,,102,,Dep. Efectivo,,,$106.50,"$114,970.69",,,,
02/01/2026,I,10,102,,VENTAS PADRE HIDALGO,01/01/26,,"$34,776.00","$149,746.69",,,,
02/01/2026,G,40,610,2,Nomina 01,,"$35,088.80",,"$114,657.89",,,,
02/01/2026,G,42,610,3,Nomina 01,,"$18,889.60",,"$95,768.29",,,,
02/01/2026,I,10,102,,VENTAS PADRE HIDALGO,,,"$225,800.50","$321,568.79",,,,
02/01/2026,I,42,102,,VENTAS LA PIEDAD ABASTOS,31/12/2025,,"$110,943.00","$432,511.79",,,,
02/01/2026,I,10,102,,VENTAS PADRE HIDALGO,,,"$34,651.50","$467,163.29",,,,
02/01/2026,I,10,102,,VENTAS PADRE HIDALGO,,,$517.50,"$467,680.79",,,,
02/01/2026,I,10,102,,VENTAS PADRE HIDALGO,,,$47.00,"$467,727.79",,,,
02/01/2026,I,10,102,,VENTAS PADRE HIDALGO,,,"$23,988.00","$491,715.79",,,,
02/01/2026,I,10,102,,VENTAS PADRE HIDALGO,,,"$3,350.00","$495,065.79",,,,
02/01/2026,I,10,102,,VENTAS PADRE HIDALGO,,,"$9,918.00","$504,983.79",,,,
02/01/2026,I,10,102,,VENTAS PADRE HIDALGO,,,$401.00,"$505,384.79",,,,
02/01/2026,I,10,102,,VENTAS PADRE HIDALGO,,,"$4,030.00","$509,414.79",,,,
02/01/2026,I,42,102,,VENTAS LA PIEDAD ABASTOS,31/12/2025,,"$10,261.00","$519,675.79",,,,
02/01/2026,I,10,102,,VENTAS PADRE HIDALGO,,,"$3,836.00","$523,511.79",,,,
02/01/2026,I,10,102,,VENTAS PADRE HIDALGO,,,$460.00,"$523,971.79",,,,
02/01/2026,I,10,102,,VENTAS PADRE HIDALGO,,,"$5,800.00","$529,771.79",,,,
02/01/2026,TE,,-,,TRASPASO A BB 4166,,"$450,000.00",,"$79,771.79",,,,
05/01/2026,I,42,102,,TARJETALA PIEDAD ABASTOS,,,"$7,189.98","$86,961.77",,,,
05/01/2026,I,42,102,,tARJETA LA PIEDAD ABASTOS,03/01/2026,,"$2,753.32","$89,715.09",,,,
05/01/2026,I,42,102,,tARJETA LA PIEDAD ABASTOS,04/01/2026,,"$8,686.99","$98,402.08",,,,
05/01/2026,I,50,102,,VENTAS CANINDO TARJETA ,02-01-26,,$84.99,"$98,487.07",,,,
05/01/2026,I,50,102,,VENTAS CANINDO TARJETA ,03-01-26,,"$18,415.04","$116,902.11",,,,
05/01/2026,I,50,102,,VENTAS CANINDO TARJETA ,04-01-26,,"$18,159.44","$135,061.55",,,,
05/01/2026,I,40,102,,VTA TARJETA 8E,02/01/2025,,"$36,613.74","$171,675.29",,,,
05/01/2026,I,40,102,,TARJETA vta 8 esquinas,05/01/26,,"$4,141.24","$175,816.53",,,,
05/01/2026,I,40,102,,TARJETA vta 8 esquinas,05/01/26,,"$7,015.27","$182,831.80",,,,
05/01/2026,I,10,102,,VTA TARJETA PH,02/01/2026,,"$31,363.29","$214,195.09",,,,
05/01/2026,I,10,102,,VTA TARJETA PH,03/01/2025,,"$17,949.97","$232,145.06",,,,
05/01/2026,I,10,102,,VTA TARJETA PH,03/01/2025,,"$18,254.92","$250,399.98",,,,
05/01/2026,I,10,102,,VTA TARJETA PH,02/01/2026,,"$6,722.15","$257,122.13",,,,
05/01/2026,I,10,102,,VTA TARJETA PH,03/01/2025,,"$16,066.77","$273,188.90",,,,
05/01/2026,I,10,102,,VTA TARJETA PH,03/01/2025,,"$5,242.42","$278,431.32",,,,
05/01/2026,I,40,102,,VTA TARJETA 8E,02/01/2025,,"$13,091.92","$291,523.24",,,,
05/01/2026,I,40,102,,TARJETA vta 8 esquinas,05/01/26,,"$18,266.98","$309,790.22",,,,
05/01/2026,I,40,102,,TARJETA vta 8 esquinas,05/01/26,,"$5,789.20","$315,579.42",,,,
05/01/2026,I,50,102,,VENTAS CANINDO TARJETA ,02-01-26,,"$9,380.00","$324,959.42",,,,
05/01/2026,I,50,102,,VENTAS CANINDO TARJETA ,03-01-26,,"$8,423.90","$333,383.32",,,,
05/01/2026,I,42,102,,TARJETALA PIEDAD ABASTOS,02/01/2026,,"$5,897.99","$339,281.31",,,,
05/01/2026,I,42,102,,TARJETALA PIEDAD ABASTOS,03/01/2026,,"$15,877.17","$355,158.48",,,,
05/01/2026,I,42,102,,TARJETALA PIEDAD ABASTOS,04/01/2026,,"$1,709.67","$356,868.15",,,,
05/01/2026,G,,612,,Comision,,$137.18,,"$356,730.97",,,,
05/01/2026,G,,147,,Iva,,$21.95,,"$356,709.02",,,,
05/01/2026,G,,612,,Comision,,$51.82,,"$356,657.20",,,,
05/01/2026,G,,147,,Iva,,$8.29,,"$356,648.91",,,,
05/01/2026,G,,612,,Comision,,$147.92,,"$356,500.99",,,,
05/01/2026,G,,147,,Iva,,$23.67,,"$356,477.32",,,,
05/01/2026,G,,612,,Comision,,$1.30,,"$356,476.02",,,,
05/01/2026,G,,147,,Iva,,$0.21,,"$356,475.81",,,,
05/01/2026,G,,612,,Comision,,$300.57,,"$356,175.24",,,,
05/01/2026,G,,147,,Iva,,$48.09,,"$356,127.15",,,,
05/01/2026,G,,612,,Comision,,$337.42,,"$355,789.73",,,,
05/01/2026,G,,147,,Iva,,$53.99,,"$355,735.74",,,,
05/01/2026,G,,612,,Comision,,$713.45,,"$355,022.29",,,,
05/01/2026,G,,147,,Iva,,$114.15,,"$354,908.14",,,,
05/01/2026,G,,612,,Comision,,$68.10,,"$354,840.04",,,,
05/01/2026,G,,147,,Iva,,$10.90,,"$354,829.14",,,,
05/01/2026,G,,612,,Comision,,$143.97,,"$354,685.17",,,,
05/01/2026,G,,147,,Iva,,$23.04,,"$354,662.13",,,,
05/01/2026,G,,612,,Comision,,$600.27,,"$354,061.86",,,,
05/01/2026,G,,147,,Iva,,$96.04,,"$353,965.82",,,,
05/01/2026,G,,612,,Comision,,$322.81,,"$353,643.01",,,,
05/01/2026,G,,147,,Iva,,$51.65,,"$353,591.36",,,,
05/01/2026,G,,612,,Comision,,$376.47,,"$353,214.89",,,,
05/01/2026,G,,147,,Iva,,$60.24,,"$353,154.65",,,,
05/01/2026,G,,612,,Comision,,$110.79,,"$353,043.86",,,,
05/01/2026,G,,147,,Iva,,$17.73,,"$353,026.13",,,,
05/01/2026,G,,612,,Comision,,$286.50,,"$352,739.63",,,,
05/01/2026,G,,147,,Iva,,$45.84,,"$352,693.79",,,,
05/01/2026,G,,612,,Comision,,$93.47,,"$352,600.32",,,,
05/01/2026,G,,147,,Iva,,$14.96,,"$352,585.36",,,,
05/01/2026,G,,612,,Comision,,$248.54,,"$352,336.82",,,,
05/01/2026,G,,147,,Iva,,$39.77,,"$352,297.05",,,,
05/01/2026,G,,612,,Comision,,$344.00,,"$351,953.05",,,,
05/01/2026,G,,147,,Iva,,$55.04,,"$351,898.01",,,,
05/01/2026,G,,612,,Comision,,$116.74,,"$351,781.27",,,,
05/01/2026,G,,147,,Iva,,$18.68,,"$351,762.59",,,,
05/01/2026,G,,612,,Comision,,$174.59,,"$351,588.00",,,,
05/01/2026,G,,147,,Iva,,$27.93,,"$351,560.07",,,,
05/01/2026,G,,612,,Comision,,$171.17,,"$351,388.90",,,,
05/01/2026,G,,147,,Iva,,$27.39,,"$351,361.51",,,,
05/01/2026,G,,612,,Comision,,$115.08,,"$351,246.43",,,,
05/01/2026,G,,147,,Iva,,$18.41,,"$351,228.02",,,,
05/01/2026,G,,612,,Comision,,$261.83,,"$350,966.19",,,,
05/01/2026,G,,147,,Iva,,$41.89,,"$350,924.30",,,,
05/01/2026,G,,612,,Comision,,$31.56,,"$350,892.74",,,,
05/01/2026,G,,147,,Iva,,$5.05,,"$350,887.69",,,,
05/01/2026,I,10,102,,VENTAS PH,08/01/2026,,"$24,939.00","$375,826.69",,,,
05/01/2026,I,42,102,,VENTAS LA PIEDAD ABASTOS,,,$385.00,"$376,211.69",,,,
05/01/2026,I,42,102,,VENTAS LA PIEDAD ABASTOS,,,$57.47,"$376,269.16",,,,
05/01/2026,I,42,102,,VENTAS LA PIEDAD ABASTOS,,,$16.49,"$376,285.65",,,,
05/01/2026,I,10,102,,VTA PADRE HIDALGO,,,$87.64,"$376,373.29",,,,
05/01/2026,I,42,102,,VENTAS LA PIEDAD ABASTOS,,,$135.36,"$376,508.65",,,,
05/01/2026,I,42,102,,VENTAS LA PIEDAD ABASTOS,,,$337.56,"$376,846.21",,,,
05/01/2026,I,42,102,,VENTAS LA PIEDAD ABASTOS,,,$503.48,"$377,349.69",,,,
05/01/2026,I,42,102,,VENTAS LA PIEDAD ABASTOS,,,$18.24,"$377,367.93",,,,
05/01/2026,I,42,102,,VENTAS LA PIEDAD ABASTOS,,,$16.49,"$377,384.42",,,,
05/01/2026,I,42,102,,VENTAS LA PIEDAD ABASTOS,,,$200.01,"$377,584.43",,,,
05/01/2026,I,42,102,,VENTAS LA PIEDAD ABASTOS,,,$149.98,"$377,734.41",,,,
05/01/2026,I,42,102,,VENTAS LA PIEDAD ABASTOS,,,$893.06,"$378,627.47",,,,
05/01/2026,I,42,102,,VENTAS LA PIEDAD ABASTOS,,,$141.26,"$378,768.73",,,,
05/01/2026,I,42,102,,VENTAS LA PIEDAD ABASTOS,,,"$3,534.00","$382,302.73",,,,
05/01/2026,I,42,102,,VENTAS LA PIEDAD ABASTOS,,,$282.18,"$382,584.91",,,,
05/01/2026,I,42,102,,VENTAS LA PIEDAD ABASTOS,,,$201.01,"$382,785.92",,,,
05/01/2026,I,42,102,,VENTAS LA PIEDAD ABASTOS,,,"$3,800.00","$386,585.92",,,,
05/01/2026,I,42,102,,VENTAS LA PIEDAD ABASTOS,,,"$1,590.00","$388,175.92",,,,
05/01/2026,I,30,102,,VENTAS MORELIA ABASTOS,03/01/2026,,"$10,787.50","$398,963.42",,,,
05/01/2026,I,30,102,,VENTAS MORELIA ABASTOS,03/01/2026,,"$6,447.00","$405,410.42",,,,
05/01/2026,I,30,102,,VENTAS MORELIA ABASTOS,03/01/2026,,"$1,124.00","$406,534.42",,,,
05/01/2026,I,30,102,,VENTAS MORELIA ABASTOS,03/01/2026,,"$5,194.50","$411,728.92",,,,
05/01/2026,I,10,102,,VENTAS PADRE HIDALGO,,,"$1,486.50","$413,215.42",,,,
05/01/2026,I,10,102,,VENTAS PADRE HIDALGO,,,"$116,693.00","$529,908.42",,,,
05/01/2026,I,42,102,,VENTAS LA PIEDAD ABASTOS,04/01/2026,,"$57,005.50","$586,913.92",,,,
05/01/2026,I,73,102,,Vta.Tlmk Morelia Jose Almanza,3/12/2025,,"$16,126.00","$603,039.92",,,,
05/01/2026,I,42,102,,VENTAS LA PIEDAD ABASTOS,02/01/2026,,"$60,828.50","$663,868.42",,,,
05/01/2026,I,42,102,,VENTAS LA PIEDAD ABASTOS,03/01/2026,,"$71,466.50","$735,334.92",,,,
05/01/2026,G,54,610,16650,NOM 1 BENJAMIN ALONZO ZARAGOZA DAMAZO ,,"$2,093.80",,"$733,241.12",,,,
05/01/2026,G,90,613,16644,NOM 1 FINIQUITO PEDRO ALFONSO RODRIGUEZ G. YURECUARO ,,"$6,920.27",,"$726,320.85",,,,
05/01/2026,G,75,610,16649,NOM  1 LUIS FRANCISCO LOPEZ GUTIERREZ CAN-TLMK,,"$4,187.80",,"$722,133.05",,,,
05/01/2026,G,53,610,16648,NOM 1 LUIS FRANCISCO LOPEZ GUTIERREZ CAN-STAFF ,,"$4,202.60",,"$717,930.45",,,,
05/01/2026,I,,102,,Dep. Efectivo,,,"$2,093.80","$720,024.25",,,,
05/01/2026,I,50,102,,VENTAS CANINDO,07-01-26,,"$4,187.80","$724,212.05",,,,
05/01/2026,I,50,102,,VENTAS CANINDO,07-01-26,,"$4,202.60","$728,414.65",,,,
05/01/2026,I,10,102,,VTA PADRE HIDALGO,03/01/2026,,"$6,920.27","$735,334.92",,,,
05/01/2026,G,40,610,16646,NOM 1 LUIS FRANCISCO LOPEZ GUTIERREZ MORELIA  ,,"$4,386.40",,"$730,948.52",,,,
05/01/2026,G,76,610,16647,NOM 1 LUIS FRANCISCO LOPEZ GUTIERREZ MOR-TLMK,,"$4,187.60",,"$726,760.92",,,,
05/01/2026,I,30,102,,VENTAS MORELIA ABASTOS,03/01/2026,,"$4,187.60","$730,948.52",,,,
05/01/2026,I,10,102,,VTA PADRE HIDALGO,02/01/26,,"$4,390.00","$735,338.52",,,,
05/01/2026,I,,102,,Dep. Efectivo,,,"$10,000.00","$745,338.52",,,,
05/01/2026,I,42,102,,VENTAS LA PIEDAD ABASTOS,02/01/2026,,"$9,368.00","$754,706.52",,,,
05/01/2026,I,42,102,,VENTAS LA PIEDAD ABASTOS,04/01/2026,,"$10,160.00","$764,866.52",,,,
05/01/2026,I,,102,,Dep. Efectivo,,,$150.00,"$765,016.52",,,,
05/01/2026,TE,,-,,TRASPASO A BBVA 5712,,"$700,000.00",,"$65,016.52",,,,
05/01/2026,G,72,612,,"DOMICILIACION PAGO SERVICIO 0000150 RFC AHM130307L99 0,000,000.00A3394 411675",,"$47,472.00",,"$17,544.52",,,,
05/01/2026,G,72,612,,"DOMICILIACION PAGO SERVICIO 0040810 RFC FFS1512071T1 0,000,000.00COBRANZA POR DOMICILIACION 6154659482",,"$16,796.71",,$747.81,,,,
06/01/2026,I,42,102,,TARJETA LA PIEDAD ABASTOS,05/01/2026,,"$11,498.86","$12,246.67",,,,
06/01/2026,I,50,102,,VENTAS CANINDO TARJETA ,05-01-26,,"$4,118.53","$16,365.20",,,,
06/01/2026,I,40,102,,TARJETA vta 8 esquinas,05/01/26,,"$21,089.69","$37,454.89",,,,
06/01/2026,I,10,102,,VTA TARJETA PH ,05/01/2026,,"$11,783.41","$49,238.30",,,,
06/01/2026,I,10,102,,VTA TARJETA PH ,05/01/2026,,"$29,520.70","$78,759.00",,,,
06/01/2026,I,40,102,,TARJETA vta 8 esquinas,05/01/26,,"$18,554.02","$97,313.02",,,,
06/01/2026,I,50,102,,VENTAS CANINDO TARJETA ,05-01-26,,"$22,523.74","$119,836.76",,,,
06/01/2026,I,42,102,,TARJETA LA PIEDAD ABASTOS,05/01/2026,,"$16,368.59","$136,205.35",,,,
06/01/2026,G,,612,,Comision,,$211.47,,"$135,993.88",,,,
06/01/2026,G,,147,,Iva,,$33.84,,"$135,960.04",,,,
06/01/2026,G,,612,,Comision,,$90.45,,"$135,869.59",,,,
06/01/2026,G,,147,,Iva,,$14.47,,"$135,855.12",,,,
06/01/2026,G,,612,,Comision,,$386.67,,"$135,468.45",,,,
06/01/2026,G,,147,,Iva,,$61.87,,"$135,406.58",,,,
06/01/2026,G,,612,,Comision,,$215.43,,"$135,191.15",,,,
06/01/2026,G,,147,,Iva,,$34.47,,"$135,156.68",,,,
06/01/2026,G,,612,,Comision,,$582.90,,"$134,573.78",,,,
06/01/2026,G,,147,,Iva,,$93.26,,"$134,480.52",,,,
06/01/2026,G,,612,,Comision,,$352.34,,"$134,128.18",,,,
06/01/2026,G,,147,,Iva,,$56.37,,"$134,071.81",,,,
06/01/2026,G,,612,,Comision,,$445.06,,"$133,626.75",,,,
06/01/2026,G,,147,,Iva,,$71.21,,"$133,555.54",,,,
06/01/2026,G,,612,,Comision,,$293.82,,"$133,261.72",,,,
06/01/2026,G,,147,,Iva,,$47.01,,"$133,214.71",,,,
06/01/2026,I,42,102,,VTA LA PIEDAD ABASTOS,05/01/2026,,"$79,405.50","$212,620.21",,,,
06/01/2026,I,10,102,,VENTAS PADRE HIDALGO,05/01/2026,,"$95,361.50","$307,981.71",,,,
06/01/2026,I,10,102,,VTA PADRE HIDALGO,03/01/2026,,$476.00,"$308,457.71",,,,
06/01/2026,I,42,102,,TARJETA LA PIEDAD ABASTOS,05/01/2026,,"$7,987.00","$316,444.71",,,,
06/01/2026,I,10,102,,VENTAS PADRE HIDALGO,02/01/26,,$140.00,"$316,584.71",,,,
06/01/2026,I,10,102,,VTA PADRE HIDALGO,03/01/2026,,"$3,400.00","$319,984.71",,,,
06/01/2026,I,10,102,,VTA PADRE HIDALGO,03/01/2026,,$990.00,"$320,974.71",,,,
06/01/2026,TI,,-,,TRASPASO ENTRE CTAS 1604,,,"$177,000.00","$497,974.71",,,,
06/01/2026,TE,,-,,TRASPASO A BBVA 5712,,"$495,000.00",,"$2,974.71",,,,
07/01/2026,I,42,102,,TARJETA VTA LA PIEDAD ABASTOS,06/01/2025,,"$6,265.96","$9,240.67",,,,
07/01/2026,I,50,102,,VENTAS CANINDO TARJETA ,06-01-26,,"$1,973.41","$11,214.08",,,,
07/01/2026,I,10,102,,VENTAS PADRE HIDALGO,,,"$13,032.35","$24,246.43",,,,
07/01/2026,I,10,102,,VTA TARJETA PH,06/01/2025,,"$3,390.28","$27,636.71",,,,
07/01/2026,I,10,102,,VTA TARJETA PH,06/01/2025,,"$16,598.35","$44,235.06",,,,
07/01/2026,I,50,102,,VENTAS CANINDO TARJETA ,06-01-26,,$739.86,"$44,974.92",,,,
07/01/2026,I,10,102,,VENTAS PADRE HIDALGO,,,$743.42,"$45,718.34",,,,
07/01/2026,I,42,102,,TARJETA VTA LA PIEDAD ABASTOS,06/01/2025,,"$3,899.57","$49,617.91",,,,
07/01/2026,G,,612,,Comision,,$123.77,,"$49,494.14",,,,
07/01/2026,G,,147,,Iva,,$19.80,,"$49,474.34",,,,
07/01/2026,G,,612,,Comision,,$35.20,,"$49,439.14",,,,
07/01/2026,G,,147,,Iva,,$5.63,,"$49,433.51",,,,
07/01/2026,G,,612,,Comision,,$246.45,,"$49,187.06",,,,
07/01/2026,G,,147,,Iva,,$39.43,,"$49,147.63",,,,
07/01/2026,G,,612,,Comision,,$74.01,,"$49,073.62",,,,
07/01/2026,G,,147,,Iva,,$11.84,,"$49,061.78",,,,
07/01/2026,G,,612,,Comision,,$299.40,,"$48,762.38",,,,
07/01/2026,G,,147,,Iva,,$47.90,,"$48,714.48",,,,
07/01/2026,G,,612,,Comision,,$15.32,,"$48,699.16",,,,
07/01/2026,G,,147,,Iva,,$2.45,,"$48,696.71",,,,
07/01/2026,G,,612,,Comision,,$14.28,,"$48,682.43",,,,
07/01/2026,G,,147,,Iva,,$2.28,,"$48,680.15",,,,
07/01/2026,G,,612,,Comision,,$69.48,,"$48,610.67",,,,
07/01/2026,G,,147,,Iva,,$11.12,,"$48,599.55",,,,
07/01/2026,I,10,102,,VENTAS PADRE HIDALGO,,,"$7,183.50","$55,783.05",,,,
07/01/2026,I,42,102,,VTA LA PIEDAD ABASTOS,06/01/2026,,"$59,189.50","$114,972.55",,,,
07/01/2026,I,10,102,,VTA PADRE HIDALGO,05/01/2026,,$751.50,"$115,724.05",,,,
07/01/2026,I,10,102,,VENTAS PADRE HIDALGO,,,"$70,462.50","$186,186.55",,,,
07/01/2026,I,42,102,,VTA LA PIEDAD ABASTOS,06/01/2026,,"$7,792.00","$193,978.55",,,,
07/01/2026,I,10,102,,VTA PADRE HIDALGO,05/01/2026,,"$3,531.00","$197,509.55",,,,
07/01/2026,I,10,102,,VTA PADRE HIDALGO,05/01/2026,,$580.00,"$198,089.55",,,,
07/01/2026,I,10,102,,VTA PADRE HIDALGO,05/01/2026,,"$3,270.00","$201,359.55",,,,
07/01/2026,TE,,-,,TRASPASO A BBVA 5712,,"$180,000.00",,"$21,359.55",,,,
07/01/2026,G,72,612,,"DOMICILIACION PAGO SERVICIO 0040810 RFC FFS1512071T1 0,000,000.00COBRANZA POR DOMICILIACION 6156404785",,"$16,789.69",,"$4,569.86",,,,
08/01/2026,I,42,102,,TARJETA LA PIEDAD ABASTOS,07/01/2026,,"$3,056.96","$7,626.82",,,,
08/01/2026,I,50,102,,VENTAS CANINDO TARJETA ,07-01-26,,"$21,870.60","$29,497.42",,,,
08/01/2026,I,10,102,,VENTAS PADRE HIDALGO,,,"$11,543.70","$41,041.12",,,,
08/01/2026,I,10,102,,VENTAS PADRE HIDALGO,,,"$10,727.03","$51,768.15",,,,
08/01/2026,I,10,102,,VENTAS PADRE HIDALGO,,,"$2,685.86","$54,454.01",,,,
08/01/2026,I,10,102,,VENTAS PADRE HIDALGO,,,"$7,437.00","$61,891.01",,,,
08/01/2026,I,50,102,,VENTAS CANINDO TARJETA ,07-01-26,,"$1,664.87","$63,555.88",,,,
08/01/2026,I,42,102,,TARJETA ABASTOS LA PIEDAD,07/01/2026,,"$1,661.67","$65,217.55",,,,
08/01/2026,G,,612,,Comision,,$50.28,,"$65,167.27",,,,
08/01/2026,G,,147,,Iva,,$8.04,,"$65,159.23",,,,
08/01/2026,G,,612,,Comision,,$458.88,,"$64,700.35",,,,
08/01/2026,G,,147,,Iva,,$73.42,,"$64,626.93",,,,
08/01/2026,G,,612,,Comision,,$228.77,,"$64,398.16",,,,
08/01/2026,G,,147,,Iva,,$36.60,,"$64,361.56",,,,
08/01/2026,G,,612,,Comision,,$191.00,,"$64,170.56",,,,
08/01/2026,G,,147,,Iva,,$30.56,,"$64,140.00",,,,
08/01/2026,G,,612,,Comision,,$48.96,,"$64,091.04",,,,
08/01/2026,G,,147,,Iva,,$7.83,,"$64,083.21",,,,
08/01/2026,G,,612,,Comision,,$142.76,,"$63,940.45",,,,
08/01/2026,G,,147,,Iva,,$22.84,,"$63,917.61",,,,
08/01/2026,G,,612,,Comision,,$31.79,,"$63,885.82",,,,
08/01/2026,G,,147,,Iva,,$5.09,,"$63,880.73",,,,
08/01/2026,G,,612,,Comision,,$26.24,,"$63,854.49",,,,
08/01/2026,G,,147,,Iva,,$4.20,,"$63,850.29",,,,
08/01/2026,G,2,613,4,SAT,,$264.00,,"$63,586.29",,,,
08/01/2026,G,2,613,5,SAT,,"$3,787.00",,"$59,799.29",,,,
08/01/2026,G,2,613,6,SAT,,$516.00,,"$59,283.29",,,,
08/01/2026,G,2,613,7,SAT,,"$7,479.00",,"$51,804.29",,,,
08/01/2026,G,2,613,8,SAT,,$705.00,,"$51,099.29",,,,
08/01/2026,G,2,613,9,SAT,,$235.00,,"$50,864.29",,,,
08/01/2026,G,2,613,10,SAT,,$146.00,,"$50,718.29",,,,
08/01/2026,G,2,613,11,SAT,,$570.00,,"$50,148.29",,,,
08/01/2026,G,2,613,12,SAT,,$588.00,,"$49,560.29",,,,
08/01/2026,G,2,613,13,SAT,,$295.00,,"$49,265.29",,,,
08/01/2026,G,2,613,14,SAT,,$600.00,,"$48,665.29",,,,
08/01/2026,I,42,102,,VENTAS LA PIEDAD ABASTOS ,07/01/2026,,"$57,322.00","$105,987.29",,,,
08/01/2026,I,10,102,,VENTAS PADRE HIDALGO,07/01/26,,$339.00,"$106,326.29",,,,
08/01/2026,I,10,102,,VENTAS PADRE HIDALGO,,,"$90,940.00","$197,266.29",,,,
08/01/2026,I,42,102,,TARJETA LA PIEDAD ABASTOS,07/01/2026,,"$7,780.50","$205,046.79",,,,
08/01/2026,I,10,102,,VTA PADRE HIDALGO,07/01/26,,"$4,450.00","$209,496.79",,,,
08/01/2026,I,,102,,Dep. Efectivo,,,"$4,000.00","$213,496.79",,,,
08/01/2026,I,10,102,,VTA PADRE HIDALGO,06/01/2026,,"$1,855.00","$215,351.79",,,,
08/01/2026,C,30,510,14,Ferrero de Mexico SA,,"$160,800.05",,"$54,551.74",,,,
09/01/2026,I,42,102,,TARJETA LA PIEDAD ABASTOS,08/01/2026,,"$8,322.76","$62,874.50",,,,
09/01/2026,I,50,102,,VENTAS CANINDO TARJETA ,08-01-26,,"$32,848.81","$95,723.31",,,,
09/01/2026,I,10,102,,TARJETA 8 ESQUINAS,08/01/2026,,"$23,219.67","$118,942.98",,,,
09/01/2026,I,10,102,,TARJETA PADRE HIDALGO,08/01/2026,,"$2,012.18","$120,955.16",,,,
09/01/2026,I,10,102,,TARJETA PADRE HIDALGO,08/01/2026,,"$26,410.14","$147,365.30",,,,
09/01/2026,I,40,102,,TARJETA 8 ESQUINAS,08/01/2026,,"$8,422.59","$155,787.89",,,,
09/01/2026,I,50,102,,VENTAS CANINDO TARJETA,08-01-26,,"$9,903.08","$165,690.97",,,,
09/01/2026,G,,612,,Comision,,$142.13,,"$165,548.84",,,,
09/01/2026,G,,147,,Iva,,$22.74,,"$165,526.10",,,,
09/01/2026,G,,612,,Comision,,$629.71,,"$164,896.39",,,,
09/01/2026,G,,147,,Iva,,$100.75,,"$164,795.64",,,,
09/01/2026,G,,612,,Comision,,$430.06,,"$164,365.58",,,,"$31,941.20"
09/01/2026,G,,147,,Iva,,$68.81,,"$164,296.77",,,,
09/01/2026,G,,612,,Comision,,$30.78,,"$164,265.99",,,,
09/01/2026,G,,147,,Iva,,$4.92,,"$164,261.07",,,,
09/01/2026,G,,612,,Comision,,$534.14,,"$163,726.93",,,,
09/01/2026,G,,147,,Iva,,$85.46,,"$163,641.47",,,,
09/01/2026,G,,612,,Comision,,$163.04,,"$163,478.43",,,,
09/01/2026,G,,147,,Iva,,$26.09,,"$163,452.34",,,,
09/01/2026,G,,612,,Comision,,$191.17,,"$163,261.17",,,,
09/01/2026,G,,147,,Iva,,$30.59,,"$163,230.58",,,,
09/01/2026,I,10,102,,VENTAS PADRE HIDALGO,08/01/2026,,"$4,073.50","$167,304.08",,,,
09/01/2026,I,10,102,,VENTAS PADRE HIDALGO,07/01*/26,,$782.50,"$168,086.58",,,,
09/01/2026,I,42,102,,VENTAS LA PIEDAD ABASTOS,08/01/2026,,"$9,827.50","$177,914.08",,,,
09/01/2026,I,42,102,,VENTAS LA PIEDAD ABASTOS,08/01/2026,,"$37,413.00","$215,327.08",,,,
09/01/2026,I,40,102,,VENTAS 8 ESQUINAS,08/01/2026,,"$94,002.50","$309,329.58",,,,
09/01/2026,I,10,102,,VENTAS PADRE HIDALGO,08/01/2026,,"$1,360.00","$310,689.58",,,,
09/01/2026,G,40,613,15,Nom 02 8 esquinas,,"$31,941.20",,"$278,748.38",,,,
09/01/2026,G,42,613,16,Nom 02 LPA,,"$18,602.40",,"$260,145.98",,,,
12/01/2026,I,42,102,,VTA TARJETA LPA,09/01/2025,,"$3,896.09","$264,042.07",,,,
12/01/2026,I,42,102,,VTA TARJETA LPA,10/01/2025,,"$3,452.45","$267,494.52",,,,
12/01/2026,I,42,102,,VTA TARJETA LPA,11/01/2025,,$69.77,"$267,564.29",,,,
12/01/2026,I,50,102,,VENTAS CANINDO TARJETA ,09-01-26,,"$40,900.79","$308,465.08",,,,
12/01/2026,I,50,102,,VENTAS CANINDO TARJETA ,10-01-26,,"$7,190.29","$315,655.37",,,,
12/01/2026,I,40,102,,VTA TARJETA 8E,09/01/2025,,"$9,233.69","$324,889.06",,,,
12/01/2026,I,40,102,,VTA TARJETA 8E,10/01/2025,,"$10,641.37","$335,530.43",,,,
12/01/2026,I,40,102,,VTA TARJETA 8E,11/01/2025,,"$7,018.41","$342,548.84",,,,
12/01/2026,I,10,102,,VTA TARJETA PH,09/01/2025,,"$10,433.81","$352,982.65",,,,
12/01/2026,I,10,102,,TARJETA PADRE HIDALGO,10/01/2026,,"$4,677.75","$357,660.40",,,,
12/01/2026,I,10,102,,TARJETA PADRE HIDALGO,10/01/2026,,"$5,819.85","$363,480.25",,,,
12/01/2026,I,10,102,,VTA TARJETA PH,09/01/2025,,"$5,432.55","$368,912.80",,,,
12/01/2026,I,10,102,,TARJETA PADRE HIDALGO,10/01/2026,,"$14,625.17","$383,537.97",,,,
12/01/2026,I,10,102,,TARJETA PADRE HIDALGO,10/01/2026,,"$10,479.42","$394,017.39",,,,
12/01/2026,I,40,102,,VTA TARJETA 8E,09/01/2025,,"$17,845.83","$411,863.22",,,,
12/01/2026,I,40,102,,VTA TARJETA 8E,10/01/2025,,"$12,459.72","$424,322.94",,,,
12/01/2026,I,40,102,,VTA TARJETA 8E,11/01/2025,,"$1,904.63","$426,227.57",,,,
12/01/2026,I,50,102,,VENTAS CANINDO TARJETA ,10-01-26,,"$5,308.74","$431,536.31",,,,
12/01/2026,I,50,102,,VENTAS CANINDO TARJETA ,11-01-26,,"$3,054.36","$434,590.67",,,,
12/01/2026,I,42,102,,VTA TARJETA LPA,09/01/2025,,"$9,174.58","$443,765.25",,,,
12/01/2026,I,42,102,,VTA TARJETA LPA,10/01/2025,,"$3,114.85","$446,880.10",,,,
12/01/2026,I,42,102,,VTA TARJETA LPA,11/01/2025,,"$2,454.11","$449,334.21",,,,
12/01/2026,G,,612,,Comision,,$69.24,,"$449,264.97",,,,
12/01/2026,G,,147,,Iva,,$11.08,,"$449,253.89",,,,
12/01/2026,G,,612,,Comision,,$52.89,,"$449,201.00",,,,
12/01/2026,G,,147,,Iva,,$8.46,,"$449,192.54",,,,
12/01/2026,G,,612,,Comision,,$1.07,,"$449,191.47",,,,
12/01/2026,G,,147,,Iva,,$0.17,,"$449,191.30",,,,
12/01/2026,G,,612,,Comision,,$789.93,,"$448,401.37",,,,
12/01/2026,G,,147,,Iva,,$126.39,,"$448,274.98",,,,
12/01/2026,G,,612,,Comision,,$116.11,,"$448,158.87",,,,
12/01/2026,G,,147,,Iva,,$18.58,,"$448,140.29",,,,
12/01/2026,G,,612,,Comision,,$195.10,,"$447,945.19",,,,
12/01/2026,G,,147,,Iva,,$31.22,,"$447,913.97",,,,
12/01/2026,G,,612,,Comision,,$234.43,,"$447,679.54",,,,
12/01/2026,G,,147,,Iva,,$37.51,,"$447,642.03",,,,
12/01/2026,G,,612,,Comision,,$113.07,,"$447,528.96",,,,
12/01/2026,G,,147,,Iva,,$18.09,,"$447,510.87",,,,
12/01/2026,G,,612,,Comision,,$190.01,,"$447,320.86",,,,
12/01/2026,G,,147,,Iva,,$30.40,,"$447,290.46",,,,
12/01/2026,G,,612,,Comision,,$90.26,,"$447,200.20",,,,
12/01/2026,G,,147,,Iva,,$14.44,,"$447,185.76",,,,
12/01/2026,G,,612,,Comision,,$93.03,,"$447,092.73",,,,
12/01/2026,G,,147,,Iva,,$14.88,,"$447,077.85",,,,
12/01/2026,G,,612,,Comision,,$91.00,,"$446,986.85",,,,
12/01/2026,G,,147,,Iva,,$14.56,,"$446,972.29",,,,
12/01/2026,G,,612,,Comision,,$317.33,,"$446,654.96",,,,
12/01/2026,G,,147,,Iva,,$50.77,,"$446,604.19",,,,
12/01/2026,G,,612,,Comision,,$192.01,,"$446,412.18",,,,
12/01/2026,G,,147,,Iva,,$30.72,,"$446,381.46",,,,
12/01/2026,G,,612,,Comision,,$331.18,,"$446,050.28",,,,
12/01/2026,G,,147,,Iva,,$52.99,,"$445,997.29",,,,
12/01/2026,G,,612,,Comision,,$204.31,,"$445,792.98",,,,
12/01/2026,G,,147,,Iva,,$32.69,,"$445,760.29",,,,
12/01/2026,G,,612,,Comision,,$39.32,,"$445,720.97",,,,
12/01/2026,G,,147,,Iva,,$6.29,,"$445,714.68",,,,
12/01/2026,G,,612,,Comision,,$82.90,,"$445,631.78",,,,
12/01/2026,G,,147,,Iva,,$13.26,,"$445,618.52",,,,
12/01/2026,G,,612,,Comision,,$56.08,,"$445,562.44",,,,
12/01/2026,G,,147,,Iva,,$8.97,,"$445,553.47",,,,
12/01/2026,G,,612,,Comision,,$168.61,,"$445,384.86",,,,
12/01/2026,G,,147,,Iva,,$26.98,,"$445,357.88",,,,
12/01/2026,G,,612,,Comision,,$60.71,,"$445,297.17",,,,
12/01/2026,G,,147,,Iva,,$9.71,,"$445,287.46",,,,
12/01/2026,G,,612,,Comision,,$40.22,,"$445,247.24",,,,
12/01/2026,G,,147,,Iva,,$6.44,,"$445,240.80",,,,
12/01/2026,I,42,102,,VENTAS LA PIEDAD ABASTOS,,,"$36,000.00","$481,240.80",,,,
12/01/2026,I,10,102,,VENTA PADRE HIDALGO,05/01/2026,,$21.50,"$481,262.30",,,,
12/01/2026,I,42,102,,VENTAS LA PIEDAD ABASTOS,,,$44.99,"$481,307.29",,,,
12/01/2026,I,42,102,,VENTAS LA PIEDAD ABASTOS,,,$847.62,"$482,154.91",,,,
12/01/2026,I,10,102,,VENTA PADRE HIDALGO,05/001/2026,,$188.18,"$482,343.09",,,,
12/01/2026,I,42,102,,VENTAS LA PIEDAD ABASTOS,,,$343.17,"$482,686.26",,,,
12/01/2026,I,42,102,,VENTAS LA PIEDAD ABASTOS,,,$432.87,"$483,119.13",,,,
12/01/2026,I,42,102,,VENTAS LA PIEDAD ABASTOS,,,$255.46,"$483,374.59",,,,
12/01/2026,I,42,102,,VENTAS LA PIEDAD ABASTOS,,,"$9,765.50","$493,140.09",,,,
12/01/2026,I,10,102,,VENTA PADRE HIDALGO,03/01/2026,,$381.90,"$493,521.99",,,,
12/01/2026,I,10,102,,VENTA PADRE HIDALGO,05/01/2026,,$93.20,"$493,615.19",,,,
12/01/2026,I,42,102,,VENTAS LA PIEDAD ABASTOS,,,$262.86,"$493,878.05",,,,
12/01/2026,G,11,610,16662,NOM 2 FELIX ALEJANDRO HERRERA H. RV ,,"$1,433.40",,"$492,444.65",,,,
12/01/2026,I,10,102,,VENTAS LA PADRE HIDALGO,03/01/2026,,"$1,433.40","$493,878.05",,,,
12/01/2026,I,42,102,,VENTAS LA PIEDAD ABASTOS,,,$475.10,"$494,353.15",,,,
12/01/2026,I,42,102,,VENTAS LA PIEDAD ABASTOS,,,"$5,950.00","$500,303.15",,,,
12/01/2026,I,42,102,,VENTAS LA PIEDAD ABASTOS,,,$159.53,"$500,462.68",,,,
12/01/2026,I,42,102,,VTA 8E,05/01/2026,,$445.50,"$500,908.18",,,,
12/01/2026,I,42,102,,VENTAS LA PIEDAD ABASTOS,,,$289.71,"$501,197.89",,,,
12/01/2026,I,40,102,,VTA 8E,10/01/2025,,"$156,470.00","$657,667.89",,,,
12/01/2026,G,53,610,16659,NOM 2 LUIS FRANCISCO LOPEZ GUTIERREZ CAN-STAFF,,"$4,159.40",,"$653,508.49",,,,
12/01/2026,G,50,610,16658,NOM 2 BERTHA PAULINA MACIEL FUENTES CANINDO ,,"$1,917.60",,"$651,590.89",,,,
12/01/2026,G,5,613,16654,NOM 2 CAJA DE AHORRO RH,,"$43,246.00",,"$608,344.89",,,,
12/01/2026,G,54,610,16661,NOM 2 LUIS FRANCISCO LOPEZ GUTIERREZ DAMAZO ,,"$4,105.40",,"$604,239.49",,,,
12/01/2026,G,66,610,16660,NOM 2 LUIS FRANCISCO LOPEZ GUTIERREZ CAN-TLMK ,,"$3,457.20",,"$600,782.29",,,,
12/01/2026,G,52,610,16657,NOM 2 LUIS FRANCISCO LOPEZ GUTIERREZ MOR-TLMK,,"$4,235.40",,"$596,546.89",,,,
12/01/2026,G,30,610,16655,NOM 2 LUIS FRANCISCO LOPEZ GITIERREZ MORELIA ,,"$8,115.60",,"$588,431.29",,,,
12/01/2026,G,52,613,16656,NOM 2 FINIQUITO ANGEL BARAJAS GUTIERREZ MOR-TLMK ,,$120.20,,"$588,311.09",,,,
12/01/2026,I,50,102,,VENTAS CANINDO,14-01-26,,"$1,917.60","$590,228.69",,,,
12/01/2026,I,50,102,,VENTAS CANINDO ,14-01-26,,"$4,159.40","$594,388.09",,,,
12/01/2026,I,10,102,,TARJETA PH,09/01/2026,,"$43,246.00","$637,634.09",,,,
12/01/2026,I,50,102,,VENTAS CANINDO ,14-01-26,,"$3,457.20","$641,091.29",,,,
12/01/2026,I,,102,,Dep. Efectivo,,,"$4,105.40","$645,196.69",,,,
12/01/2026,I,40,102,,VENTA 8 ESQUINAS,09/01/2026,,"$203,241.00","$848,437.69",,,,
12/01/2026,G,11,610,16652,NOM 1 FELIX ALEJANDRO HERRERA H. RV,,"$1,433.40",,"$847,004.29",,,,
12/01/2026,I,10,102,,VTA PADRE HIDALGO,12/01/2026,,"$1,433.40","$848,437.69",,,,
12/01/2026,I,,102,,Dep. Efectivo,,,$593.50,"$849,031.19",,,,
12/01/2026,I,40,102,,VENTA 8 ESQUINAS,11/01/2026,,"$135,505.00","$984,536.19",,,,
12/01/2026,I,10,102,,VENTAS PADRE HIDALGO,08/01/2026,,"$2,352.00","$986,888.19",,,,
12/01/2026,G,2,613,16653,NOM 3 FINIQUITO VICTOR GUDTAVO CARRILLO BAÑALES CONTA ,,$923.00,,"$985,965.19",,,,
12/01/2026,C,,510,17,Distribuidora de la Rosa,,"$949,924.58",,"$36,040.61",,,,
13/01/2026,I,42,102,,TARJETA LA PIEDAD ABASTOS,12/01/2026,,"$3,127.06","$39,167.67",,,,
13/01/2026,I,50,102,,VENTAS CANINDO TARJETA ,12-01-26,,"$4,160.68","$43,328.35",,,,
13/01/2026,I,40,102,,TARJETA 8 ESQUINAS,12/01/2026,,"$4,656.09","$47,984.44",,,,
13/01/2026,I,10,102,,TARJETA PADRE HIDALGO,12/01/2026,,"$5,756.98","$53,741.42",,,,
13/01/2026,I,10,102,,TARJETA PADRE HIDALGO,12/01/2026,,"$29,188.02","$82,929.44",,,,
13/01/2026,I,40,102,,TARJETA 8 ESQUINAS,12/01/2026,,"$10,246.66","$93,176.10",,,,
13/01/2026,I,,102,,VENTAS CANINDO TARJETA ,12-01-26,,"$4,015.48","$97,191.58",,,,
13/01/2026,I,42,102,,TARJETA LA PIEDAD ABASTOS,12/01/2026,,"$2,940.23","$100,131.81",,,,
13/01/2026,G,,612,,Comision,,$59.22,,"$100,072.59",,,,
13/01/2026,G,,147,,Iva,,$9.48,,"$100,063.11",,,,
13/01/2026,G,,612,,Comision,,$77.11,,"$99,986.00",,,,
13/01/2026,G,,147,,Iva,,$12.34,,"$99,973.66",,,,
13/01/2026,G,,612,,Comision,,$77.27,,"$99,896.39",,,,
13/01/2026,G,,147,,Iva,,$12.36,,"$99,884.03",,,,
13/01/2026,G,,612,,Comision,,$97.95,,"$99,786.08",,,,
13/01/2026,G,,147,,Iva,,$15.67,,"$99,770.41",,,,
13/01/2026,G,,612,,Comision,,$535.81,,"$99,234.60",,,,
13/01/2026,G,,147,,Iva,,$85.73,,"$99,148.87",,,,
13/01/2026,G,,612,,Comision,,$190.98,,"$98,957.89",,,,
13/01/2026,G,,147,,Iva,,$30.56,,"$98,927.33",,,,
13/01/2026,G,,612,,Comision,,$76.62,,"$98,850.71",,,,
13/01/2026,G,,147,,Iva,,$12.26,,"$98,838.45",,,,
13/01/2026,G,,612,,Comision,,$52.31,,"$98,786.14",,,,
13/01/2026,G,,147,,Iva,,$8.37,,"$98,777.77",,,,
13/01/2026,I,42,102,,VENTAS LA PIEDAD ABASTOS,12/01/2026,,"$63,379.00","$162,156.77",,,,
13/01/2026,I,,102,,Dep. Efectivo,,,$359.10,"$162,515.87",,,,
13/01/2026,I,,102,,Dep. Efectivo,,,$377.74,"$162,893.61",,,,
13/01/2026,I,,102,,Dep. Efectivo,,,$371.78,"$163,265.39",,,,
13/01/2026,I,,102,,Dep. Efectivo,,,$251.81,"$163,517.20",,,,
13/01/2026,I,,102,,Dep. Efectivo,,,$441.45,"$163,958.65",,,,
13/01/2026,I,50,102,,VENTAS CANINDO,,,$184.07,"$164,142.72",,,,
13/01/2026,I,,102,,Dep. Efectivo,,,$741.75,"$164,884.47",,,,
13/01/2026,I,,102,,Dep. Efectivo,,,$488.21,"$165,372.68",,,,
13/01/2026,I,50,102,,VENTAS CANINDO,,,"$1,226.45","$166,599.13",,,,
13/01/2026,I,,102,,Dep. Efectivo,,,"$1,004.43","$167,603.56",,,,
13/01/2026,I,42,102,,VENTAS LA PIEDAD ABASTOS,10/01/2026,,"$60,002.00","$227,605.56",,,,
13/01/2026,I,10,102,,Dep. Efectivo,,,$960.99,"$228,566.55",,,,
13/01/2026,I,50,102,,VENTAS CANINDO,,,"$2,262.85","$230,829.40",,,,
13/01/2026,I,,102,,Dep. Efectivo,,,$372.23,"$231,201.63",,,,
13/01/2026,I,,102,,Dep. Efectivo,,,$930.46,"$232,132.09",,,,
13/01/2026,I,,102,,Dep. Efectivo,,,$477.81,"$232,609.90",,,,
13/01/2026,I,,102,,Dep. Efectivo,,,$859.47,"$233,469.37",,,,
13/01/2026,I,,102,,Dep. Efectivo,,,"$1,161.86","$234,631.23",,,,
13/01/2026,I,,102,,Dep. Efectivo,,,$337.02,"$234,968.25",,,,
13/01/2026,I,,102,,Dep. Efectivo,,,$138.67,"$235,106.92",,,,
13/01/2026,I,42,102,,VENTAS LA PIEDAD ABASTOS,11/01/2026,,"$44,828.50","$279,935.42",,,,
13/01/2026,I,42,102,,VENTAS LA PIEDAD ABASTOS,09/01/2026,,"$65,390.50","$345,325.92",,,,
13/01/2026,I,42,102,,VENTAS LA PIEDAD ABASTOS,09/01/2026,,"$7,339.50","$352,665.42",,,,
13/01/2026,I,40,102,,VTA 8E,12/01/2026,,"$156,918.50","$509,583.92",,,,
13/01/2026,TE,,-,,TRASPASO A BBVA 5712,,"$400,000.00",,"$109,583.92",,,,
14/01/2026,I,42,102,,TARJETA LA PIEDAD ABASTOS,13/01/2026,,"$5,732.17","$115,316.09",,,,
14/01/2026,I,50,102,,VENTAS CANINDO,,,"$3,655.95","$118,972.04",,,,
14/01/2026,I,40,102,,TARJETA 8 ESQUINAS,13/01/2026,,"$12,033.82","$131,005.86",,,,
14/01/2026,I,10,102,,VTA TARJETA PH,13/01/2026,,"$21,826.86","$152,832.72",,,,
14/01/2026,I,10,102,,VTA TARJETA PH,13/01/2026,,"$5,617.51","$158,450.23",,,,
14/01/2026,I,40,102,,TARJETA 8 ESQUINAS,13/01/2026,,"$13,891.16","$172,341.39",,,,
14/01/2026,I,,102,,TARJETA,,,"$17,039.24","$189,380.63",,,,
14/01/2026,I,42,102,,TARJETA LA PIEDAD ABASTOS,13/01/2026,,"$2,558.98","$191,939.61",,,,
14/01/2026,G,,612,,Comision,,$92.36,,"$191,847.25",,,,
14/01/2026,G,,147,,Iva,,$14.78,,"$191,832.47",,,,
14/01/2026,G,,612,,Comision,,$68.52,,"$191,763.95",,,,
14/01/2026,G,,147,,Iva,,$10.96,,"$191,752.99",,,,
14/01/2026,G,,612,,Comision,,$230.09,,"$191,522.90",,,,
14/01/2026,G,,147,,Iva,,$36.81,,"$191,486.09",,,,
14/01/2026,G,,612,,Comision,,$389.61,,"$191,096.48",,,,
14/01/2026,G,,147,,Iva,,$62.34,,"$191,034.14",,,,
14/01/2026,G,,612,,Comision,,$105.85,,"$190,928.29",,,,
14/01/2026,G,,147,,Iva,,$16.94,,"$190,911.35",,,,
14/01/2026,G,,612,,Comision,,$272.46,,"$190,638.89",,,,
14/01/2026,G,,147,,Iva,,$43.59,,"$190,595.30",,,,
14/01/2026,G,,612,,Comision,,$288.35,,"$190,306.95",,,,
14/01/2026,G,,147,,Iva,,$46.14,,"$190,260.81",,,,
14/01/2026,G,,612,,Comision,,$45.54,,"$190,215.27",,,,
14/01/2026,G,,147,,Iva,,$7.29,,"$190,207.98",,,,
14/01/2026,I,10,102,,VTA PADRE HIDALGO,12/01/2026,,"$2,110.00","$192,317.98",,,,
14/01/2026,I,10,102,,VTA PADRE HIDALGO,12/01/2026,,"$1,957.00","$194,274.98",,,,
14/01/2026,I,10,102,,VTA PADRE HIDALGO,09/01/2026,,$79.55,"$194,354.53",,,,
14/01/2026,I,10,102,,VENTAS LA PIEDAD ABASTOS,09/01/2026,,$624.90,"$194,979.43",,,,
14/01/2026,I,10,102,,VTA PADRE HIDALGO,09/01/2026,,$281.12,"$195,260.55",,,,
14/01/2026,I,10,102,,VTA PADRE HIDALGO,12/01/2026,,$841.00,"$196,101.55",,,,
14/01/2026,I,10,102,,VTA PADRE HIDALGO,,,"$4,912.00","$201,013.55",,,,
14/01/2026,I,10,102,,VTA PADRE HIDALGO,08/01/2026,,"$3,119.67","$204,133.22",,,,
14/01/2026,I,10,102,,VTA PADRE HIDALGO,09/01/2026,,$155.32,"$204,288.54",,,,
14/01/2026,I,,102,,Dep. Efectivo,,,"$1,256.00","$205,544.54",,,,
14/01/2026,I,,102,,Dep. Efectivo,,,$141.26,"$205,685.80",,,,
14/01/2026,I,,102,,Dep. Efectivo,,,$250.00,"$205,935.80",,,,
14/01/2026,I,,102,,Dep. Efectivo,,,$250.00,"$206,185.80",,,,
14/01/2026,I,,102,,Dep. Efectivo,,,$47.00,"$206,232.80",,,,
14/01/2026,I,,102,,Dep. Efectivo,,,$186.39,"$206,419.19",,,,
14/01/2026,I,10,102,,VTA PADRE HIDALGO,,,$90.27,"$206,509.46",,,,
14/01/2026,I,,102,,Dep. Efectivo,,,$141.26,"$206,650.72",,,,
14/01/2026,I,,102,,Dep. Efectivo,,,"$6,239.33","$212,890.05",,,,
14/01/2026,I,,102,,Dep. Efectivo,,,$350.00,"$213,240.05",,,,
14/01/2026,I,10,102,,VTA PADRE HIDALGO,03/01/2026,,"$3,119.67","$216,359.72",,,,
14/01/2026,I,10,102,,VTA PADRE HIDALGO,03/01/2026,,$314.80,"$216,674.52",,,,
14/01/2026,I,10,102,,VTA PADRE HIDALGO,03/01/2026,,$52.13,"$216,726.65",,,,
14/01/2026,I,,102,,Dep. Efectivo,,,$300.00,"$217,026.65",,,,
14/01/2026,I,10,102,,VTA PADRE HIDALGO,03/01/2026,,$101.64,"$217,128.29",,,,
14/01/2026,I,10,102,,VTA PADRE HIDALGO,03/01/2026,,$141.26,"$217,269.55",,,,
14/01/2026,I,10,102,,VTA PADRE HIDALGO,05/01/2026,,$282.50,"$217,552.05",,,,
14/01/2026,I,10,102,,VTA PADRE HIDALGO,05/01/2026,,$188.34,"$217,740.39",,,,
14/01/2026,I,42,102,,VENTAS LA PIEDAD ABASTOS,,,$188.34,"$217,928.73",,,,
14/01/2026,I,42,102,,VENTAS LA PIEDAD ABASTOS,,,$180.00,"$218,108.73",,,,
14/01/2026,I,10,102,,VTA PADRE HIDALGO,,,$740.92,"$218,849.65",,,,
14/01/2026,I,42,102,,VTA PADRE HIDALGO,,,"$3,274.89","$222,124.54",,,,
14/01/2026,I,50,102,,VTA PADRE HIDALGO,,,$141.26,"$222,265.80",,,,
14/01/2026,I,42,102,,VENTAS LA PIEDAD ABASTOS,,,$49.24,"$222,315.04",,,,
14/01/2026,I,42,102,,VENTAS LA PIEDAD ABASTOS,,,$718.89,"$223,033.93",,,,
14/01/2026,I,42,102,,VENTAS LA PIEDAD ABASTOS,,,$188.34,"$223,222.27",,,,
14/01/2026,I,10,102,,VTA PADRE HIDALGO,,,$856.90,"$224,079.17",,,,
14/01/2026,I,42,102,,VENTAS LA PIEDAD ABASTOS,,,"$6,472.32","$230,551.49",,,,
14/01/2026,I,40,102,,VTA 8 ESQUINAS,13/01/2026,,"$97,133.00","$327,684.49",,,,
14/01/2026,I,10,102,,VTA PADRE HIDALGO,13/01/2026,,"$9,139.50","$336,823.99",,,,
14/01/2026,I,42,102,,VENTAS LA PIEDAD ABASTOS,13/01/2026,,"$28,380.00","$365,203.99",,,,
14/01/2026,I,42,102,,VENTAS LA PIEDAD ABASTOS,13/01/2026,,$431.67,"$365,635.66",,,,
14/01/2026,I,42,102,,VENTAS LA PIEDAD ABASTOS,13/01/2026,,$245.84,"$365,881.50",,,,
14/01/2026,I,42,102,,VENTAS LA PIEDAD ABASTOS,13/01/2026,,$454.37,"$366,335.87",,,,
14/01/2026,I,42,102,,VENTAS LA PIEDAD ABASTOS,13/01/2026,,$942.12,"$367,277.99",,,,
14/01/2026,I,42,102,,VENTAS LA PIEDAD ABASTOS,13/01/2026,,$518.00,"$367,795.99",,,,
14/01/2026,I,42,102,,VENTAS LA PIEDAD ABASTOS,13/01/2026,,$435.02,"$368,231.01",,,,
14/01/2026,I,42,102,,VENTAS LA PIEDAD ABASTOS,13/01/2026,,"$1,152.68","$369,383.69",,,,
14/01/2026,I,42,102,,VENTAS LA PIEDAD ABASTOS,13/01/2026,,$465.76,"$369,849.45",,,,
14/01/2026,I,42,102,,VENTAS LA PIEDAD ABASTOS,13/01/2026,,$598.87,"$370,448.32",,,,
14/01/2026,I,42,102,,VENTAS LA PIEDAD ABASTOS,13/01/2026,,$453.37,"$370,901.69",,,,
14/01/2026,I,42,102,,VENTAS LA PIEDAD ABASTOS,13/01/2026,,"$1,054.50","$371,956.19",,,,
14/01/2026,I,42,102,,VENTAS LA PIEDAD ABASTOS,13/01/2026,,$693.48,"$372,649.67",,,,
14/01/2026,I,42,102,,VENTAS LA PIEDAD ABASTOS,13/01/2026,,$829.61,"$373,479.28",,,,
14/01/2026,I,,102,,Dep. Efectivo,,,"$2,500.00","$375,979.28",,,,
14/01/2026,I,10,102,,VTA PADRE HIDALGO,12/01/2026,,"$4,819.00","$380,798.28",,,,
14/01/2026,I,10,102,,VTA PADRE HIDALGO,,,"$1,088.00","$381,886.28",,,,
14/01/2026,C,0,510,18,Salsas Don Vasco,,"$208,729.49",,"$173,156.79",,,,
14/01/2026,C,30,510,19,Dulces Las Delicias,,"$108,076.02",,"$65,080.77",,,,
14/01/2026,G,72,612,,"DOMICILIACION PAGO SERVICIO 0000212 RFC AHM130307L99 0,000,000.00A3394 411504",,"$17,404.00",,"$47,676.77",,,,
14/01/2026,G,72,612,,"DOMICILIACION PAGO SERVICIO 0000194 RFC AHM130307L99 0,000,000.00A3394 411475",,"$19,064.00",,"$28,612.77",,,,
14/01/2026,G,72,612,,"DOMICILIACION PAGO SERVICIO 0000193 RFC AHM130307L99 0,000,000.00A3394 411473",,"$19,064.00",,"$9,548.77",,,,
14/01/2026,G,72,612,,"DOMICILIACION PAGO SERVICIO 0000188 RFC AHM130307L99 0,000,000.00A3394 411463",,"$6,353.00",,"$3,195.77",,,,
15/01/2026,I,50,102,,VENTAS CANINDO TARJETA ,14-01-26,,"$6,846.56","$10,042.33",,,,
15/01/2026,I,40,102,,TARJETA 8 ESQUINAS,14/01/26,,"$4,085.46","$14,127.79",,,,
15/01/2026,I,10,102,,VTA TARJETA PH,14/01/2026,,"$12,356.34","$26,484.13",,,,
15/01/2026,I,10,102,,VTA TARJETA PH,14/01/2026,,"$5,587.14","$32,071.27",,,,
15/01/2026,I,40,102,,TARJETA 8 ESQUINAS,14/01/2026,,"$10,889.50","$42,960.77",,,,
15/01/2026,I,50,102,,VENTAS CANINDO TARJETA ,14-01-26,,"$6,238.11","$49,198.88",,,,
15/01/2026,I,42,102,,VENTAS TARJETA LA PIEDAD ABASTOS,14/01/2026,,"$3,452.09","$52,650.97",,,,
15/01/2026,G,,612,,Comision,,$108.41,,"$52,542.56",,,,
15/01/2026,G,,147,,Iva,,$17.35,,"$52,525.21",,,,
15/01/2026,G,,612,,Comision,,$68.98,,"$52,456.23",,,,
15/01/2026,G,,147,,Iva,,$11.04,,"$52,445.19",,,,
15/01/2026,G,,612,,Comision,,$223.32,,"$52,221.87",,,,
15/01/2026,G,,147,,Iva,,$35.73,,"$52,186.14",,,,
15/01/2026,G,,612,,Comision,,$102.28,,"$52,083.86",,,,
15/01/2026,G,,147,,Iva,,$16.36,,"$52,067.50",,,,
15/01/2026,G,,612,,Comision,,$189.33,,"$51,878.17",,,,
15/01/2026,G,,147,,Iva,,$30.29,,"$51,847.88",,,,
15/01/2026,G,,612,,Comision,,$118.02,,"$51,729.86",,,,
15/01/2026,G,,147,,Iva,,$18.88,,"$51,710.98",,,,
15/01/2026,G,,612,,Comision,,$58.64,,"$51,652.34",,,,
15/01/2026,G,,147,,Iva,,$9.38,,"$51,642.96",,,,
15/01/2026,I,40,102,,VENTA 8 ESQUINAS,14/01/2026,,"$151,592.50","$203,235.46",,,,
15/01/2026,I,10,102,,VTA PADRE HIDALGO,08/01/2026,,$155.32,"$203,390.78",,,,
15/01/2026,I,10,102,,VTA PADRE HIDALGO,09/01/2026,,"$3,119.67","$206,510.45",,,,
15/01/2026,I,10,102,,VTA PADRE HIDALGO,09/01/2026,,$958.38,"$207,468.83",,,,
15/01/2026,I,10,102,,VTA PADRE HIDALGO,12/01/2026,,"$1,346.33","$208,815.16",,,,
15/01/2026,I,,102,,Dep. Efectivo,,,"$2,831.74","$211,646.90",,,,
15/01/2026,I,10,102,,VTA PADRE HIDALGO,,,"$1,113.70","$212,760.60",,,,
15/01/2026,I,10,102,,VTA PADRE HIDALGO,,,$94.17,"$212,854.77",,,,
15/01/2026,I,10,102,,VTA PADRE HIDALGO,09/01/2026,,"$3,119.67","$215,974.44",,,,
15/01/2026,I,10,102,,VTA PADRE HIDALGO,09/01/2026,,"$3,119.67","$219,094.11",,,,
15/01/2026,I,42,102,,VENTAS LA PIEDAD ABASTOS,14/01/2026,,$764.72,"$219,858.83",,,,
15/01/2026,I,42,102,,VENTAS LA PIEDAD ABASTOS,14/01/2026,,$505.99,"$220,364.82",,,,
15/01/2026,I,42,102,,VENTAS LA PIEDAD ABASTOS,14/01/2026,,$152.42,"$220,517.24",,,,
15/01/2026,I,42,102,,VENTAS LA PIEDAD ABASTOS,14/01/2026,,$299.96,"$220,817.20",,,,
15/01/2026,I,42,102,,VENTAS LA PIEDAD ABASTOS,14/01/2026,,$109.91,"$220,927.11",,,,
15/01/2026,I,42,102,,VENTAS LA PIEDAD ABASTOS,14/01/2026,,$208.67,"$221,135.78",,,,
15/01/2026,I,42,102,,VENTAS LA PIEDAD ABASTOS,14/01/2026,,$930.35,"$222,066.13",,,,
15/01/2026,I,42,102,,VENTAS LA PIEDAD ABASTOS,14/01/2026,,$367.02,"$222,433.15",,,,
15/01/2026,I,42,102,,VENTAS LA PIEDAD ABASTOS,14/01/2026,,$307.98,"$222,741.13",,,,
15/01/2026,I,42,102,,VENTAS LA PIEDAD ABASTOS,14/01/2026,,$500.92,"$223,242.05",,,,
15/01/2026,I,42,102,,VENTAS LA PIEDAD ABASTOS,14/01/2026,,$325.63,"$223,567.68",,,,
15/01/2026,I,42,102,,VENTAS LA PIEDAD ABASTOS,14/01/2026,,$321.59,"$223,889.27",,,,
15/01/2026,I,42,102,,VENTAS LA PIEDAD ABASTOS,14/01/2026,,"$1,369.63","$225,258.90",,,,
15/01/2026,I,42,102,,VENTAS LA PIEDAD ABASTOS,14/01/2026,,"$1,351.55","$226,610.45",,,,
15/01/2026,I,42,102,,VENTAS LA PIEDAD ABASTOS,14/01/2026,,"$2,291.84","$228,902.29",,,,
15/01/2026,I,42,102,,VENTAS LA PIEDAD ABASTOS,14/01/2026,,$765.60,"$229,667.89",,,,
15/01/2026,I,42,102,,VENTAS LA PIEDAD ABASTOS,14/01/2026,,$62.08,"$229,729.97",,,,
15/01/2026,I,42,102,,VENTAS LA PIEDAD ABASTOS,14/01/2026,,"$35,237.00","$264,966.97",,,,
15/01/2026,I,10,102,,VTA PADRE HIDALGO,14/01/2026,,"$4,980.50","$269,947.47",,,,
15/01/2026,I,10,102,,VTA PADRE HIDALGO,,,"$5,053.00","$275,000.47",,,,
15/01/2026,TE,,-,,TRASPASO A BB 201,,"$185,000.00",,"$90,000.47",,,,
15/01/2026,G,,612,,"DOMICILIACION PAGO SERVICIO 0000046 RFC AHM130307L99 0,000,000.00A3394 411849",,"$21,559.00",,"$68,441.47",,,,
15/01/2026,G,,612,,"DOMICILIACION PAGO SERVICIO 0000043 RFC AHM130307L99 0,000,000.00A3394 411500",,"$3,719.00",,"$64,722.47",,,,
15/01/2026,G,,612,,"DOMICILIACION PAGO SERVICIO 0000045 RFC AHM130307L99 0,000,000.00A3394 411558",,"$10,590.00",,"$54,132.47",,,,
15/01/2026,G,,621,,"DOMICILIACION PAGO SERVICIO 0000044 RFC AHM130307L99 0,000,000.00A3394 411502",,"$3,719.00",,"$50,413.47",,,,
16/01/2026,I,42,102,,VTA TARJETA LPA,15/01/2026,,"$3,599.80","$54,013.27",,,,
16/01/2026,I,50,102,,VENTAS CANINDO TARJETA ,15-01-26,,"$6,422.80","$60,436.07",,,,
16/01/2026,I,40,102,,VTA TARJETA 8E,15/01/2025,,"$3,645.08","$64,081.15",,,,
16/01/2026,I,10,102,,VTA TARJETA PH ,15/01/2026,,"$3,556.50","$67,637.65",,,,
16/01/2026,I,10,102,,VTA TARJETA PH ,15/01/2026,,"$5,824.04","$73,461.69",,,,
16/01/2026,I,40,102,,VTA TARJETA 8E,15/01/2025,,"$5,864.37","$79,326.06",,,,
16/01/2026,I,50,102,,VENTAS CANINDO TARJETA ,15-01-26,,"$18,775.06","$98,101.12",,,,
16/01/2026,I,42,102,,VTA TARJETA LPA,15/01/2026,,"$2,512.36","$100,613.48",,,,
16/01/2026,G,,612,,Comision,,$60.60,,"$100,552.88",,,,
16/01/2026,G,,147,,Iva,,$9.70,,"$100,543.18",,,,
16/01/2026,G,,612,,Comision,,$98.26,,"$100,444.92",,,,
16/01/2026,G,,147,,Iva,,$15.72,,"$100,429.20",,,,
16/01/2026,G,,612,,Comision,,$64.30,,"$100,364.90",,,,
16/01/2026,G,,147,,Iva,,$10.29,,"$100,354.61",,,,
16/01/2026,G,,612,,Comision,,$54.42,,"$100,300.19",,,,
16/01/2026,G,,147,,Iva,,$8.71,,"$100,291.48",,,,
16/01/2026,G,,612,,Comision,,$106.00,,"$100,185.48",,,,
16/01/2026,G,,147,,Iva,,$16.96,,"$100,168.52",,,,
16/01/2026,G,,612,,Comision,,$110.55,,"$100,057.97",,,,
16/01/2026,G,,147,,Iva,,$17.69,,"$100,040.28",,,,
16/01/2026,G,,612,,Comision,,$356.87,,"$99,683.41",,,,
16/01/2026,G,,147,,Iva,,$57.10,,"$99,626.31",,,,
16/01/2026,G,,612,,Comision,,$40.03,,"$99,586.28",,,,
16/01/2026,G,,147,,Iva,,$6.40,,"$99,579.88",,,,
16/01/2026,I,42,102,,VTA TARJETA LPA,15/01/2026,,"$3,327.83","$102,907.71",,,,
16/01/2026,I,40,102,,VTA TARJETA 8E,15/01/2025,,"$2,974.14","$105,881.85",,,,
16/01/2026,I,10,102,,VTA TARJETA PH ,15/01/2026,,"$7,372.82","$113,254.67",,,,
16/01/2026,I,40,102,,VTA TARJETA 8E,15/01/2025,,"$1,794.22","$115,048.89",,,,
16/01/2026,I,42,102,,VTA TARJETA LPA,15/01/2026,,"$1,349.17","$116,398.06",,,,
16/01/2026,G,,612,,Comision,,$61.92,,"$116,336.14",,,,
16/01/2026,G,,147,,Iva,,$9.91,,"$116,326.23",,,,
16/01/2026,G,,612,,Comision,,$51.08,,"$116,275.15",,,,
16/01/2026,G,,147,,Iva,,$8.17,,"$116,266.98",,,,
16/01/2026,G,,612,,Comision,,$144.01,,"$116,122.97",,,,
16/01/2026,G,,147,,Iva,,$23.04,,"$116,099.93",,,,
16/01/2026,G,,612,,Comision,,$29.10,,"$116,070.83",,,,
16/01/2026,G,,147,,Iva,,$4.66,,"$116,066.17",,,,
16/01/2026,G,,612,,Comision,,$25.53,,"$116,040.64",,,,
16/01/2026,G,,147,,Iva,,$4.08,,"$116,036.56",,,,
16/01/2026,I,42,102,,VTAS LA PIEDAD ABASTOS,15/01/2026,,"$53,587.50","$169,624.06",,,,
16/01/2026,I,,102,,Dep. Efectivo,,,$301.42,"$169,925.48",,,,
16/01/2026,I,,102,,Dep. Efectivo,,,$40.46,"$169,965.94",,,,
16/01/2026,I,,102,,Dep. Efectivo,,,$654.19,"$170,620.13",,,,
16/01/2026,I,,102,,Dep. Efectivo,,,$281.41,"$170,901.54",,,,
16/01/2026,I,,102,,Dep. Efectivo,,,"$1,472.14","$172,373.68",,,,
16/01/2026,I,,102,,Dep. Efectivo,,,$764.90,"$173,138.58",,,,
16/01/2026,I,,102,,Dep. Efectivo,,,$86.03,"$173,224.61",,,,
16/01/2026,I,,102,,Dep. Efectivo,,,$546.84,"$173,771.45",,,,
16/01/2026,I,,102,,Dep. Efectivo,,,$309.73,"$174,081.18",,,,
16/01/2026,I,,102,,Dep. Efectivo,,,$715.12,"$174,796.30",,,,
16/01/2026,I,,102,,Dep. Efectivo,,,$311.15,"$175,107.45",,,,
16/01/2026,I,,102,,Dep. Efectivo,,,$720.17,"$175,827.62",,,,
16/01/2026,I,,102,,Dep. Efectivo,,,"$1,227.32","$177,054.94",,,,
16/01/2026,I,,102,,Dep. Efectivo,,,$989.33,"$178,044.27",,,,
16/01/2026,I,,102,,Dep. Efectivo,,,$695.01,"$178,739.28",,,,
16/01/2026,I,,102,,Dep. Efectivo,,,$216.04,"$178,955.32",,,,
16/01/2026,I,,102,,Dep. Efectivo,,,$68.74,"$179,024.06",,,,
16/01/2026,I,40,102,,VTA 8E ,15/01/2026,,"$178,690.50","$357,714.56",,,,
16/01/2026,G,29,613,16663,Gasto Distribuidora Gas Noel sa de cv  direccion ,,"$1,900.47",,"$355,814.09",,,,
16/01/2026,G,29,613,16664,Gasto Miguel Omar Garnica Garibay Direccion,,"$34,829.40",,"$320,984.69",,,,
16/01/2026,I,10,102,,VENTAS PADRE HIDALGO,,,"$36,729.87","$357,714.56",,,,
16/01/2026,I,10,102,,VENTAS PADRE HIDALGO,15/01/2026,,"$5,703.00","$363,417.56",,,,
16/01/2026,G,42,610,20,Nom 03 Lpa,,"$18,269.60",,"$345,147.96",,,,
16/01/2026,G,40,610,21,NOM  40 ESQUINAS ,,"$28,828.40",,"$316,319.56",,,,
16/01/2026,I,70,102,,Vta.Tlmk Ph Juan figueroa,10/12/2025,,"$24,477.00","$340,796.56",,,,
16/01/2026,I,,102,,Dep. Efectivo,,,$276.00,"$341,072.56",,,,
16/01/2026,I,,102,,Dep. Efectivo,,,$793.00,"$341,865.56",,,,
16/01/2026,C,0,510,22,Comercializadora Gonac,,"$224,735.96",,"$117,129.60",,,,
16/01/2026,TI,,-,,TRASPASO ENTRE CTAS 1604,,,"$160,000.00","$277,129.60",,,,
16/01/2026,C,30,510,23,Dulces El Descuento,,"$246,566.82",,"$30,562.78",,,,
19/01/2026,I,42,102,,VTA TARJETA LPA,16/01/2026,,"$6,763.57","$37,326.35",,,,
19/01/2026,I,42,102,,VTA TARJETA LPA,17/01/2026,,"$3,911.43","$41,237.78",,,,
19/01/2026,I,42,102,,VTA TARJETA LPA,18/01/2026,,$845.42,"$42,083.20",,,,
19/01/2026,I,50,102,,VENTAS CANINDO TARJETA ,16-01-26,,"$22,265.62","$64,348.82",,,,
19/01/2026,I,50,102,,VENTAS CANINDO TARJETA ,17-01-26,,"$2,941.17","$67,289.99",,,,
19/01/2026,I,40,102,,VTA TARJETA 8E,16/01/2026,,"$6,742.92","$74,032.91",,,,
19/01/2026,I,40,102,,VTA TARJETA 8E,17/01/2026,,"$9,930.82","$83,963.73",,,,
19/01/2026,I,40,102,,VTA TARJETA 8E,18/01/0206,,"$7,492.26","$91,455.99",,,,
19/01/2026,I,,102,,TARJETA,,,"$5,458.28","$96,914.27",,,,
19/01/2026,I,10,102,,VTA TARJETA PH,19/01/2026,,"$12,284.54","$109,198.81",,,,
19/01/2026,I,10,102,,VTA TARJETA PH,19/01/2026,,"$15,897.20","$125,096.01",,,,
19/01/2026,I,,102,,TARJETA,,,"$16,045.73","$141,141.74",,,,
19/01/2026,I,10,102,,VTA TARJETA PH,19/01/2026,,"$18,979.72","$160,121.46",,,,
19/01/2026,I,10,102,,VTA TARJETA PH,19/01/2026,,"$15,752.91","$175,874.37",,,,
19/01/2026,I,40,102,,VTA TARJETA 8E,16/01/2026,,"$12,261.43","$188,135.80",,,,
19/01/2026,I,40,102,,VTA TARJETA 8E,17/01/2026,,"$7,908.52","$196,044.32",,,,
19/01/2026,I,40,102,,VTA TARJETA 8E,18/01/0206,,"$5,257.29","$201,301.61",,,,
19/01/2026,I,50,102,,VENTAS CANINDO TARJETA ,16-01-26,,"$2,265.16","$203,566.77",,,,
19/01/2026,I,50,102,,VENTAS CANINDO TARJETA ,17-01-26,,"$7,235.29","$210,802.06",,,,
19/01/2026,I,50,102,,VENTAS CANINDO TARJETA ,18-01-26,,"$7,863.02","$218,665.08",,,,
19/01/2026,I,42,102,,VTA TARJETA LPA,16/01/2026,,"$5,275.42","$223,940.50",,,,
19/01/2026,I,42,102,,VTA TARJETA LPA,17/01/2026,,"$6,735.29","$230,675.79",,,,
19/01/2026,I,42,102,,VTA TARJETA LPA,,,"$2,101.65","$232,777.44",,,,
19/01/2026,G,,612,,Comision,,$104.61,,"$232,672.83",,,,
19/01/2026,G,,147,,Iva,,$16.74,,"$232,656.09",,,,
19/01/2026,G,,612,,Comision,,$68.64,,"$232,587.45",,,,
19/01/2026,G,,147,,Iva,,$10.98,,"$232,576.47",,,,
19/01/2026,G,,612,,Comision,,$16.27,,"$232,560.20",,,,
19/01/2026,G,,147,,Iva,,$2.60,,"$232,557.60",,,,
19/01/2026,G,,612,,Comision,,$409.85,,"$232,147.75",,,,
19/01/2026,G,,147,,Iva,,$65.58,,"$232,082.17",,,,
19/01/2026,G,,612,,Comision,,$54.06,,"$232,028.11",,,,
19/01/2026,G,,147,,Iva,,$8.65,,"$232,019.46",,,,
19/01/2026,G,,612,,Comision,,$117.91,,"$231,901.55",,,,
19/01/2026,G,,147,,Iva,,$18.87,,"$231,882.68",,,,
19/01/2026,G,,612,,Comision,,$174.18,,"$231,708.50",,,,
19/01/2026,G,,147,,Iva,,$27.87,,"$231,680.63",,,,
19/01/2026,G,,612,,Comision,,$152.38,,"$231,528.25",,,,
19/01/2026,G,,147,,Iva,,$24.38,,"$231,503.87",,,,
19/01/2026,G,,612,,Comision,,$92.42,,"$231,411.45",,,,
19/01/2026,G,,147,,Iva,,$14.79,,"$231,396.66",,,,
19/01/2026,G,,612,,Comision,,$221.89,,"$231,174.77",,,,
19/01/2026,G,,147,,Iva,,$35.50,,"$231,139.27",,,,
19/01/2026,G,,612,,Comision,,$305.24,,"$230,834.03",,,,
19/01/2026,G,,147,,Iva,,$48.84,,"$230,785.19",,,,
19/01/2026,G,,612,,Comision,,$276.08,,"$230,509.11",,,,
19/01/2026,G,,147,,Iva,,$44.17,,"$230,464.94",,,,
19/01/2026,G,,612,,Comision,,$337.64,,"$230,127.30",,,,
19/01/2026,G,,147,,Iva,,$54.02,,"$230,073.28",,,,
19/01/2026,G,,612,,Comision,,$279.61,,"$229,793.67",,,,
19/01/2026,G,,147,,Iva,,$44.74,,"$229,748.93",,,,
19/01/2026,G,,612,,Comision,,$218.66,,"$229,530.27",,,,
19/01/2026,G,,147,,Iva,,$34.99,,"$229,495.28",,,,
19/01/2026,G,,612,,Comision,,$137.70,,"$229,357.58",,,,
19/01/2026,G,,147,,Iva,,$22.03,,"$229,335.55",,,,
19/01/2026,G,,612,,Comision,,$83.56,,"$229,251.99",,,,
19/01/2026,G,,147,,Iva,,$13.37,,"$229,238.62",,,,
19/01/2026,G,,612,,Comision,,$41.12,,"$229,197.50",,,,
19/01/2026,G,,147,,Iva,,$6.58,,"$229,190.92",,,,
19/01/2026,G,,612,,Comision,,$119.88,,"$229,071.04",,,,
19/01/2026,G,,147,,Iva,,$19.18,,"$229,051.86",,,,
19/01/2026,G,,612,,Comision,,$153.51,,"$228,898.35",,,,
19/01/2026,G,,147,,Iva,,$24.56,,"$228,873.79",,,,
19/01/2026,G,,612,,Comision,,$85.80,,"$228,787.99",,,,
19/01/2026,G,,147,,Iva,,$13.73,,"$228,774.26",,,,
19/01/2026,G,,612,,Comision,,$118.86,,"$228,655.40",,,,
19/01/2026,G,,147,,Iva,,$19.02,,"$228,636.38",,,,
19/01/2026,G,,612,,Comision,,$36.15,,"$228,600.23",,,,
19/01/2026,G,,147,,Iva,,$5.78,,"$228,594.45",,,,
19/01/2026,I,10,102,,VTA PADRE HIDALGO,16/0126,,"$1,921.50","$230,515.95",,,,
19/01/2026,I,42,102,,VTA LPA,16/01/2026,,"$40,550.00","$271,065.95",,,,
19/01/2026,I,42,102,,VTA LPA,18/01/2026,,"$61,590.50","$332,656.45",,,,
19/01/2026,I,42,102,,VTA LPA,17/01/2026,,"$48,350.00","$381,006.45",,,,
19/01/2026,I,,102,,Dep. Efectivo,,,"$6,037.50","$387,043.95",,,,
19/01/2026,I,40,102,,VTA 8 ESQUINAS,18/01/2026,,"$119,997.00","$507,040.95",,,,
19/01/2026,I,40,102,,VTA 8 ESQUINAS,17/01/2026,,"$136,367.00","$643,407.95",,,,
19/01/2026,G,11,610,16669,N3 FELIX ALEJANDRO HERRERA H. RV,,"$1,433.40",,"$641,974.55",,,,
19/01/2026,I,10,102,,VTA PADRE HIDALGO,19/01/2026,,"$1,433.40","$643,407.95",,,,
19/01/2026,G,90,613,16671,N4 FINIQUITO BRENDA ECHEVESTE SANDOVAL YURECUARO ,,"$2,316.80",,"$641,091.15",,,,
19/01/2026,G,0,610,16670,N3 RODOLFO LANDEROS MONTEJANO CEDIS ,,"$2,244.20",,"$638,846.95",,,,
19/01/2026,G,30,610,16667,N3 Finiquito Karen Guadalupe Barron Silva,,"$1,583.40",,"$637,263.55",,,,
19/01/2026,G,30,613,16668,N3 Andres Cisneros Orozco,,"$1,937.80",,"$635,325.75",,,,
19/01/2026,G,76,613,16665,CAJA DE AHORRO3,,"$74,126.00",,"$561,199.75",,,,
19/01/2026,I,40,102,,VTA 8ESQUINAS,16/01/2026,,"$160,465.50","$721,665.25",,,,
19/01/2026,I,10,102,,VENTA PADRE HIDALGO,19/01/0206,,"$74,126.00","$795,791.25",,,,
19/01/2026,I,42,102,,VENTAS LA PIEDAD ABASTOS,,,"$1,583.40","$797,374.65",,,,
19/01/2026,I,,102,,Dep. Efectivo,,,"$1,937.80","$799,312.45",,,,
19/01/2026,I,42,102,,VENTAS LA PIEDAD ABASTOS,,,$441.50,"$799,753.95",,,,
19/01/2026,I,42,102,,VENTAS LA PIEDAD ABASTOS,,,"$7,363.16","$807,117.11",,,,
19/01/2026,I,40,102,,VTA 8ESQUINAS,13/01/2026,,"$1,390.50","$808,507.61",,,,
19/01/2026,I,40,102,,VTA 8ESQUINAS,14/01/2026,,"$2,906.30","$811,413.91",,,,
19/01/2026,I,42,102,,VENTAS LA PIEDAD ABASTOS,,,"$9,140.00","$820,553.91",,,,
19/01/2026,I,10,102,,VTA PADRE HIDALGO,14/01,,"$5,476.00","$826,029.91",,,,
19/01/2026,I,10,102,,VENTA PADRE HIDALGO,15/01/26,,"$9,345.00","$835,374.91",,,,
19/01/2026,I,10,102,,VTA PADRE HIDALGO,16/01/2026,,"$8,028.00","$843,402.91",,,,
19/01/2026,TI,,-,,TRASPASO ENTRE CTAS 1604,,,"$240,000.00","$1,083,402.91",,,,
19/01/2026,TI,,-,,TRASPASO DE BB ,,,"$30,000.00","$1,113,402.91",,,,
19/01/2026,G,02,612,24,SAT,,"$46,068.00",,"$1,067,334.91",,,,
19/01/2026,G,02,612,25,SUA,,"$99,991.18",,"$967,343.73",,,,
19/01/2026,G,02,612,26,SUA,,"$272,867.60",,"$694,476.13",,,,
19/01/2026,G,02,612,27,SUA,,"$188,403.77",,"$506,072.36",,,,
19/01/2026,G,02,612,28,SUA,,"$465,415.02",,"$40,657.34",,,,
19/01/2026,G,02,612,29,SUA,,"$21,439.73",,"$19,217.61",,,,
20/01/2026,I,42,102,,VTA TARJETA LPA,19/01/2026,,"$9,416.41","$28,634.02",,,,
20/01/2026,I,50,102,,VENTAS CANINDO TARJETA ,19-01-26,,"$4,956.21","$33,590.23",,,,
20/01/2026,I,40,102,,VTA TARJETA 8E,19/01/2026,,"$17,577.11","$51,167.34",,,,
20/01/2026,I,10,102,,VTA TARJETA PADRE HIDALGO,19/01/2026,,"$13,682.82","$64,850.16",,,,
20/01/2026,I,10,102,,VTA TARJETA PADRE HIDALGO,19/01/2026,,"$15,453.35","$80,303.51",,,,
20/01/2026,I,40,102,,VTA TARJETA 8E,19/01/2026,,"$6,915.10","$87,218.61",,,,
20/01/2026,I,50,102,,VENTAS CANINDO TARJETA ,19-01-26,,"$6,741.11","$93,959.72",,,,
20/01/2026,G,,612,,Comision,,$168.57,,"$93,791.15",,,,
20/01/2026,G,,147,,Iva,,$26.97,,"$93,764.18",,,,
20/01/2026,G,,612,,Comision,,$92.69,,"$93,671.49",,,,
20/01/2026,G,,147,,Iva,,$14.83,,"$93,656.66",,,,
20/01/2026,G,,612,,Comision,,$330.15,,"$93,326.51",,,,
20/01/2026,G,,147,,Iva,,$52.82,,"$93,273.69",,,,
20/01/2026,G,,612,,Comision,,$229.69,,"$93,044.00",,,,
20/01/2026,G,,147,,Iva,,$36.75,,"$93,007.25",,,,
20/01/2026,G,,612,,Comision,,$279.01,,"$92,728.24",,,,
20/01/2026,G,,147,,Iva,,$44.64,,"$92,683.60",,,,
20/01/2026,G,,612,,Comision,,$116.23,,"$92,567.37",,,,
20/01/2026,G,,147,,Iva,,$18.60,,"$92,548.77",,,,
20/01/2026,G,,612,,Comision,,$116.06,,"$92,432.71",,,,
20/01/2026,G,,147,,Iva,,$18.57,,"$92,414.14",,,,
20/01/2026,I,10,102,,VTA PADRE HIDALGO,19/01/2026,,"$5,805.50","$98,219.64",,,,
20/01/2026,I,42,102,,VTA LA PIEDAD ABASTOS RV,19/01/2026,,"$9,811.00","$108,030.64",,,,
20/01/2026,I,42,102,,VTA LA PIEDAD ABASTOS,19/01/2026,,"$67,699.00","$175,729.64",,,,
20/01/2026,I,40,102,,VENTA 8 ESQUINAS,19/01/2026,,"$159,127.00","$334,856.64",,,,
21/01/2026,I,42,102,,VTA TARJETA LPA,20/01/2026,,"$6,221.24","$341,077.88",,,,
21/01/2026,I,50,102,,VENTAS CANINDO TARJETA ,20-01-26,,"$4,804.13","$345,882.01",,,,
21/01/2026,I,40,102,,VTA TARJETA 8E,20/001/2026,,"$6,557.61","$352,439.62",,,,
21/01/2026,I,10,102,,VTA TARJETA PH,20/01/2026,,"$16,337.46","$368,777.08",,,,
21/01/2026,I,10,102,,VTA TARJETA PH,20/01/2026,,"$3,517.34","$372,294.42",,,,
21/01/2026,I,40,102,,VTA TARJETA 8E,20/01/2026,,"$10,132.63","$382,427.05",,,,
21/01/2026,I,50,102,,VENTAS CANINDO TARJETA ,20-01-26,,"$15,735.90","$398,162.95",,,,
21/01/2026,I,42,102,,VTA TARJETA LPA,20/01/2026,,$113.94,"$398,276.89",,,,
21/01/2026,G,,612,,Comision,,$106.11,,"$398,170.78",,,,
21/01/2026,G,,147,,Iva,,$16.98,,"$398,153.80",,,,
21/01/2026,G,,612,,Comision,,$90.07,,"$398,063.73",,,,
21/01/2026,G,,147,,Iva,,$14.41,,"$398,049.32",,,,
21/01/2026,G,,612,,Comision,,$123.16,,"$397,926.16",,,,
21/01/2026,G,,147,,Iva,,$19.71,,"$397,906.45",,,,
21/01/2026,G,,612,,Comision,,$301.89,,"$397,604.56",,,,
21/01/2026,G,,147,,Iva,,$48.30,,"$397,556.26",,,,
21/01/2026,G,,612,,Comision,,$75.57,,"$397,480.69",,,,
21/01/2026,G,,147,,Iva,,$12.09,,"$397,468.60",,,,
21/01/2026,G,,612,,Comision,,$185.44,,"$397,283.16",,,,
21/01/2026,G,,147,,Iva,,$29.67,,"$397,253.49",,,,
21/01/2026,G,,612,,Comision,,$308.09,,"$396,945.40",,,,
21/01/2026,G,,147,,Iva,,$49.29,,"$396,896.11",,,,
21/01/2026,G,,612,,Comision,,$2.23,,"$396,893.88",,,,
21/01/2026,G,,147,,Iva,,$0.36,,"$396,893.52",,,,
21/01/2026,I,,102,,Dep. Efectivo,,,"$8,157.00","$405,050.52",,,,
21/01/2026,I,42,102,,VENTA LA PIEDAD ABASTOS,20/01/2026,,"$48,088.00","$453,138.52",,,,
21/01/2026,I,10,102,,VTA PADRE HIDALGO,20/01/2026,,"$15,313.00","$468,451.52",,,,
21/01/2026,I,40,102,,VENTAS 8 ESQUINAS,20/01/2026,,"$136,279.00","$604,730.52",,,,
21/01/2026,I,10,102,,VTA PADRE HIDALGO,20/01/2026,,"$17,000.00","$621,730.52",,,,
21/01/2026,I,10,102,,VTA PADRE HIDALGO,20/01/2026,,"$10,000.00","$631,730.52",,,,
21/01/2026,I,10,102,,VTA PADRE HIDALGO,19/01/2026,,"$7,454.00","$639,184.52",,,,
21/01/2026,I,73,102,,Vta.Tlmk Morelia Jose almanza,10/12/2025,,"$84,312.92","$723,497.44",,,,
21/01/2026,I,73,102,,Vta.Tlmk Morelia Jose almanza,18/12/2025,,"$35,975.44","$759,472.88",,,,
21/01/2026,I,73,102,,Vta.Tlmk Morelia Jose almanza,14/1/2026,,"$11,304.00","$770,776.88",,,,
21/01/2026,TE,,-,,TRASPASO A BBVA 5712,,"$650,000.00",,"$120,776.88",,,,
22/01/2026,I,42,102,,VTA TARJETA LPA,21/01/2026,,"$8,858.84","$129,635.72",,,,
22/01/2026,I,50,102,,VENTAS CANINDO TARJETA ,21-01-26,,"$6,312.82","$135,948.54",,,,
22/01/2026,I,40,102,,VTA TARJETA 8E ,21/01/2026,,"$3,812.60","$139,761.14",,,,
22/01/2026,I,10,102,,VTA TARJETA PH,21/01/2026,,"$15,012.54","$154,773.68",,,,
22/01/2026,I,10,102,,VTA TARJETA PH,21/01/2026,,"$2,817.80","$157,591.48",,,,
22/01/2026,I,40,102,,VTA TARJETA 8E ,21/01/2026,,"$16,473.92","$174,065.40",,,,
22/01/2026,I,,102,,VENTAS CANINDO TARJETA ,21-01-26,,"$12,666.10","$186,731.50",,,,
22/01/2026,I,42,102,,VTA TARJETA LPA,21/01/2026,,$738.38,"$187,469.88",,,,
22/01/2026,G,,612,,Comision,,$146.26,,"$187,323.62",,,,
22/01/2026,G,,147,,Iva,,$23.40,,"$187,300.22",,,,
22/01/2026,G,,612,,Comision,,$128.45,,"$187,171.77",,,,
22/01/2026,G,,147,,Iva,,$20.55,,"$187,151.22",,,,
22/01/2026,G,,612,,Comision,,$62.19,,"$187,089.03",,,,
22/01/2026,G,,147,,Iva,,$9.95,,"$187,079.08",,,,
22/01/2026,G,,612,,Comision,,$273.74,,"$186,805.34",,,,
22/01/2026,G,,147,,Iva,,$43.80,,"$186,761.54",,,,
22/01/2026,G,,612,,Comision,,$50.46,,"$186,711.08",,,,
22/01/2026,G,,147,,Iva,,$8.07,,"$186,703.01",,,,
22/01/2026,G,,612,,Comision,,$311.69,,"$186,391.32",,,,
22/01/2026,G,,147,,Iva,,$49.87,,"$186,341.45",,,,
22/01/2026,G,,612,,Comision,,$203.81,,"$186,137.64",,,,
22/01/2026,G,,147,,Iva,,$32.61,,"$186,105.03",,,,
22/01/2026,G,,612,,Comision,,$12.85,,"$186,092.18",,,,
22/01/2026,G,,147,,Iva,,$2.06,,"$186,090.12",,,,
22/01/2026,I,10,102,,VENTAS PADRE HIDALGO,21/01/2026,,"$10,152.00","$196,242.12",,,,
22/01/2026,I,42,102,,VENTAS LA PIEDAD ABASTOS,21/01/2026,,"$33,793.50","$230,035.62",,,,
22/01/2026,I,40,102,,VENTAS LA PIEDAD ABASTOS RV,21/01/2026,,"$8,423.00","$238,458.62",,,,
22/01/2026,I,40,102,,VENTAS 8 ESQUINAS,21/01/2026,,"$97,209.00","$335,667.62",,,,
22/01/2026,I,10,102,,VENTAS PADRE HIDALGO,20/01/2026,,"$5,795.00","$341,462.62",,,,
22/01/2026,TE,,-,,TRASPASO A BBVA 5712,,"$300,000.00",,"$41,462.62",,,,
23/01/2026,I,42,102,,VTA TARJETA LPA ,22/01/2026,,"$6,932.49","$48,395.11",,,,
23/01/2026,I,50,102,,VENTAS CANINDO TARJETA ,22-01-26,,"$11,470.02","$59,865.13",,,,
23/01/2026,I,40,102,,VTA TARJETA 8E ,22/01/2026,,"$9,817.73","$69,682.86",,,,
23/01/2026,I,10,102,,VTA TARJETA PH ,22/01/2026,,"$9,650.51","$79,333.37",,,,
23/01/2026,I,10,102,,VTA TARJETA PH,22/01/2026,,"$14,869.02","$94,202.39",,,,
23/01/2026,I,40,102,,VTA TARJETA 8E ,22/01/2026,,"$6,881.64","$101,084.03",,,,
23/01/2026,I,50,102,,VENTAS CANINDO TARJETA ,22-01-26,,"$6,147.23","$107,231.26",,,,
23/01/2026,I,42,102,,VTA TARJETA LPA ,22/01/2026,,"$3,879.75","$111,111.01",,,,
23/01/2026,G,,612,,Comision,,$116.63,,"$110,994.38",,,,
23/01/2026,G,,147,,Iva,,$18.66,,"$110,975.72",,,,
23/01/2026,G,,612,,Comision,,$206.50,,"$110,769.22",,,,
23/01/2026,G,,147,,Iva,,$33.04,,"$110,736.18",,,,
23/01/2026,G,,612,,Comision,,$164.12,,"$110,572.06",,,,
23/01/2026,G,,147,,Iva,,$26.26,,"$110,545.80",,,,
23/01/2026,G,,612,,Comision,,$172.11,,"$110,373.69",,,,
23/01/2026,G,,147,,Iva,,$27.54,,"$110,346.15",,,,
23/01/2026,G,,612,,Comision,,$262.16,,"$110,083.99",,,,
23/01/2026,G,,147,,Iva,,$41.95,,"$110,042.04",,,,
23/01/2026,G,,612,,Comision,,$127.06,,"$109,914.98",,,,
23/01/2026,G,,147,,Iva,,$20.33,,"$109,894.65",,,,
23/01/2026,G,,612,,Comision,,$116.93,,"$109,777.72",,,,
23/01/2026,G,,147,,Iva,,$18.71,,"$109,759.01",,,,
23/01/2026,G,,612,,Comision,,$75.96,,"$109,683.05",,,,
23/01/2026,G,,147,,Iva,,$12.15,,"$109,670.90",,,,
23/01/2026,G,,610,30,Nomina 04,,"$17,499.20",,"$92,171.70",,,,
23/01/2026,G,,610,31,Nomina 04,,"$28,825.40",,"$63,346.30",,,,
23/01/2026,I,40,102,,VENTA 8 ESQUINAS,22/01/2026,,"$155,250.00","$218,596.30",,,,
23/01/2026,I,42,102,,VENTA LA PIEDAD ABASTOS,22/01/2026,,"$55,734.50","$274,330.80",,,,
23/01/2026,I,10,102,,VTA PADRE HIDALGO,,,$212.83,"$274,543.63",,,,
23/01/2026,I,10,102,,VTA PADRE HIDALGO,15/01/26,,$141.26,"$274,684.89",,,,
23/01/2026,I,10,102,,VTA PADRE HIDALGO,21/01/26,,$941.79,"$275,626.68",,,,
23/01/2026,I,42,102,,VENTAS LA PIEDAD ABASTOS,,,"$12,599.00","$288,225.68",,,,
23/01/2026,I,42,102,,VENTA LA PIEDAD ABASTOS (R.V.),22/01/2026,,"$10,524.00","$298,749.68",,,,
23/01/2026,I,10,102,,VTA PADRE HIDALGO,,,$205.00,"$298,954.68",,,,
23/01/2026,I,42,102,,VENTAS LA PIEDAD ABASTOS,,,"$6,169.00","$305,123.68",,,,
23/01/2026,TI,,-,,TRASPASO DE BNMX 1463 ,,,"$65,000.00","$370,123.68",,,,
23/01/2026,TE,,-,,TRASPASO A BBVA 5712,,"$60,000.00",,"$310,123.68",,,,
23/01/2026,G,,612,,"DOMICILIACION PAGO SERVICIO 0000104 RFC AHM130307L99 0,000,000.00A3394 411858",,"$21,490.00",,"$288,633.68",,,,
23/01/2026,G,,612,,"DOMICILIACION PAGO SERVICIO 0000103 RFC AHM130307L99 0,000,000.00A3394 411797",,"$14,397.00",,"$274,236.68",,,,
23/01/2026,G,,612,,"DOMICILIACION PAGO SERVICIO 0000102 RFC AHM130307L99 0,000,000.00A3394 411768",,"$15,015.00",,"$259,221.68",,,,
23/01/2026,G,,612,,"DOMICILIACION PAGO SERVICIO 0000101 RFC AHM130307L99 0,000,000.00A3394 411757",,"$21,291.00",,"$237,930.68",,,,
23/01/2026,G,,612,,"DOMICILIACION PAGO SERVICIO 0000100 RFC AHM130307L99 0,000,000.00A3394 411755",,"$21,291.00",,"$216,639.68",,,,
26/01/2026,I,42,102,,VTA TARJETA LPA ,23/01/2026,,"$3,428.93","$220,068.61",,,,
26/01/2026,I,42,102,,VTA TARJETA LPA ,24/01/2026,,$353.39,"$220,422.00",,,,
26/01/2026,I,42,102,,VTA TARJETA LPA ,25/01/2026,,"$7,527.83","$227,949.83",,,,
26/01/2026,I,50,102,,VENTAS CANINDO TARJETA ,23-01-26,,"$8,271.77","$236,221.60",,,,
26/01/2026,I,50,102,,VENTAS CANINDO TARJETA ,24-01-26,,"$21,046.37","$257,267.97",,,,
26/01/2026,I,50,102,,VENTAS CANINDO TARJETA ,25-01-26,,"$2,553.26","$259,821.23",,,,
26/01/2026,I,40,102,,VTA TARJETA 8E ,23/01/2026,,"$9,698.13","$269,519.36",,,,
26/01/2026,I,40,102,,VTA TARJETA 8E ,24/01/2026,,"$8,252.80","$277,772.16",,,,
26/01/2026,I,40,102,,VTA TARJETA 8E ,25/01/2026,,"$5,103.93","$282,876.09",,,,
26/01/2026,I,10,102,,VTA TARJETA PH,23/01/2026,,"$19,158.05","$302,034.14",,,,
26/01/2026,I,40,102,,VTA  PADRE HIDALGO ,27/01/26,,"$9,614.39","$311,648.53",,,,
26/01/2026,I,40,102,,VTA  PADRE HIDALGO ,27/01/26,,"$13,847.15","$325,495.68",,,,
26/01/2026,I,10,102,,VTA TARJETA PH,23/01/2026,,"$8,255.33","$333,751.01",,,,
26/01/2026,I,10,102,,VTA  PADRE HIDALGO ,27/01/26,,"$5,585.82","$339,336.83",,,,
26/01/2026,I,10,102,,VTA  PADRE HIDALGO ,27/01/26,,"$5,422.16","$344,758.99",,,,
26/01/2026,I,40,102,,VTA TARJETA 8E ,23/01/2026,,"$13,064.27","$357,823.26",,,,
26/01/2026,I,40,102,,VTA TARJETA 8E,24/01/2026,,"$13,154.11","$370,977.37",,,,
26/01/2026,I,40,102,,VTA TARJETA 8E,25/01/2026,,"$6,585.34","$377,562.71",,,,
26/01/2026,I,50,102,,VENTAS CANINDO TARJETA ,23-01-26,,"$50,453.10","$428,015.81",,,,
26/01/2026,I,50,102,,VENTAS CANINDO TARJETA ,24-01-26,,"$12,178.73","$440,194.54",,,,
26/01/2026,I,50,102,,VENTAS CANINDO TARJETA ,25-01-26,,"$9,704.77","$449,899.31",,,,
26/01/2026,I,42,102,,VTA TARJETA LPA ,24/01/2026,,"$9,500.24","$459,399.55",,,,
26/01/2026,G,,612,,Comision,,$60.20,,"$459,339.35",,,,
26/01/2026,G,,147,,Iva,,$9.63,,"$459,329.72",,,,
26/01/2026,G,,612,,Comision,,$5.71,,"$459,324.01",,,,
26/01/2026,G,,147,,Iva,,$0.91,,"$459,323.10",,,,
26/01/2026,G,,612,,Comision,,$135.96,,"$459,187.14",,,,
26/01/2026,G,,147,,Iva,,$21.75,,"$459,165.39",,,,
26/01/2026,G,,612,,Comision,,$157.36,,"$459,008.03",,,,
26/01/2026,G,,147,,Iva,,$25.18,,"$458,982.85",,,,
26/01/2026,G,,612,,Comision,,$381.98,,"$458,600.87",,,,
26/01/2026,G,,147,,Iva,,$61.12,,"$458,539.75",,,,
26/01/2026,G,,612,,Comision,,$39.06,,"$458,500.69",,,,
26/01/2026,G,,147,,Iva,,$6.25,,"$458,494.44",,,,
26/01/2026,G,,612,,Comision,,$203.21,,"$458,291.23",,,,
26/01/2026,G,,147,,Iva,,$32.51,,"$458,258.72",,,,
26/01/2026,G,,612,,Comision,,$147.76,,"$458,110.96",,,,
26/01/2026,G,,147,,Iva,,$23.64,,"$458,087.32",,,,
26/01/2026,G,,612,,Comision,,$110.62,,"$457,976.70",,,,
26/01/2026,G,,147,,Iva,,$17.70,,"$457,959.00",,,,
26/01/2026,G,,612,,Comision,,$351.26,,"$457,607.74",,,,
26/01/2026,G,,147,,Iva,,$56.20,,"$457,551.54",,,,
26/01/2026,G,,612,,Comision,,$149.06,,"$457,402.48",,,,
26/01/2026,G,,147,,Iva,,$23.85,,"$457,378.63",,,,
26/01/2026,G,,612,,Comision,,$254.68,,"$457,123.95",,,,
26/01/2026,G,,147,,Iva,,$40.75,,"$457,083.20",,,,
26/01/2026,G,,612,,Comision,,$140.84,,"$456,942.36",,,,
26/01/2026,G,,147,,Iva,,$22.53,,"$456,919.83",,,,
26/01/2026,G,,612,,Comision,,$91.95,,"$456,827.88",,,,
26/01/2026,G,,147,,Iva,,$14.71,,"$456,813.17",,,,
26/01/2026,G,,612,,Comision,,$88.02,,"$456,725.15",,,,
26/01/2026,G,,147,,Iva,,$14.08,,"$456,711.07",,,,
26/01/2026,G,,612,,Comision,,$216.91,,"$456,494.16",,,,
26/01/2026,G,,147,,Iva,,$34.71,,"$456,459.45",,,,
26/01/2026,G,,612,,Comision,,$234.84,,"$456,224.61",,,,
26/01/2026,G,,147,,Iva,,$37.57,,"$456,187.04",,,,
26/01/2026,G,,612,,Comision,,$120.15,,"$456,066.89",,,,
26/01/2026,G,,147,,Iva,,$19.22,,"$456,047.67",,,,
26/01/2026,G,,612,,Comision,,$884.63,,"$455,163.04",,,,
26/01/2026,G,,147,,Iva,,$141.54,,"$455,021.50",,,,
26/01/2026,G,,612,,Comision,,$221.01,,"$454,800.49",,,,
26/01/2026,G,,147,,Iva,,$35.36,,"$454,765.13",,,,
26/01/2026,G,,612,,Comision,,$182.36,,"$454,582.77",,,,
26/01/2026,G,,147,,Iva,,$29.18,,"$454,553.59",,,,
26/01/2026,G,,612,,Comision,,$170.63,,"$454,382.96",,,,
26/01/2026,G,,147,,Iva,,$27.30,,"$454,355.66",,,,
26/01/2026,G,,,32,UNIVA,,"$5,945.00",,"$448,410.66",,,,
26/01/2026,G,,,33,BARRADAS,,"$14,876.03",,"$433,534.63",,,,
26/01/2026,G,,,34,AME EXPRESS,,"$18,857.20",,"$414,677.43",,,,
26/01/2026,G,,,35,BARRADAS,,"$3,142.67",,"$411,534.76",,,,
26/01/2026,G,,,36,nueva walmart,,"$66,266.82",,"$345,267.94",,,,
26/01/2026,G,,,37,nueva walmart,,"$31,133.35",,"$314,134.59",,,,
26/01/2026,G,,,38,nueva walmart,,"$74,586.72",,"$239,547.87",,,,
26/01/2026,G,,,39,PEAJE,,"$20,179.00",,"$219,368.87",,,,
26/01/2026,I,40,102,,VENTA 8 ESQUINAS,23/01/2026,,"$112,479.00","$331,847.87",,,,
26/01/2026,I,40,102,,VENTA 8 ESQUINAS,25/01/2026,,"$15,342.50","$347,190.37",,,,
26/01/2026,I,40,102,,VENTA 8 ESQUINAS,24/01/2026,,"$85,343.00","$432,533.37",,,,
26/01/2026,I,42,102,,VENTAS LA PIEDAD ABASTOS,24/01/2026,,"$54,654.00","$487,187.37",,,,
26/01/2026,I,10,102,,VENTAS PADRE HIDALGO,,,$320.02,"$487,507.39",,,,
26/01/2026,I,40,102,,VENTA 8 ESQUINAS,19/01/26,,"$2,158.00","$489,665.39",,,,
26/01/2026,I,10,102,,VENTAS PADRE HIDALGO,,,"$1,280.40","$490,945.79",,,,
26/01/2026,I,40,102,,VENTA  8 ESQUINAS,22/01/2026,,"$2,808.00","$493,753.79",,,,
26/01/2026,I,40,102,,VENTA  8 ESQUINAS,23/01/2026,,$255.00,"$494,008.79",,,,
26/01/2026,I,42,102,,VENTA LA PIEDAD ABASTOS,23/01/2026,,"$28,067.50","$522,076.29",,,,
26/01/2026,I,42,102,,VENTAS LA PIEDAD ABASTOS,25/01/2025,,"$52,601.00","$574,677.29",,,,
26/01/2026,I,30,102,,VENTAS MORELIA ABASTOS,25/01/2026,,"$10,896.00","$585,573.29",,,,
26/01/2026,I,10,102,,VTA PADRE HIDALGO,13/01/2026,,$143.78,"$585,717.07",,,,
26/01/2026,I,10,102,,VENTAS PADRE HIDALGO,12/01/2026,,$300.00,"$586,017.07",,,,
26/01/2026,I,10,102,,VTA PADRE HIDALGO,15/01/26,,"$1,382.36","$587,399.43",,,,
26/01/2026,I,10,102,,VTA PADRE HIDALGO,20/01/26,,$500.00,"$587,899.43",,,,
26/01/2026,I,10,102,,VTA PADRE HIDALGO,,,"$1,280.00","$589,179.43",,,,
26/01/2026,I,10,102,,VTA PADRE HIDALGO,,,"$1,344.00","$590,523.43",,,,
26/01/2026,I,10,102,,VTA PADRE HIDALGO,13/01/2026,,$958.38,"$591,481.81",,,,
26/01/2026,I,10,102,,VTA PADRE HIDALGO,14/01/2026,,"$3,119.67","$594,601.48",,,,
26/01/2026,I,,102,,Dep. Efectivo,,,$388.31,"$594,989.79",,,,
26/01/2026,I,10,102,,VTA PADRE HIDALGO,16/01/26,,"$3,274.89","$598,264.68",,,,
26/01/2026,I,10,102,,VTA PADRE HIDALGO,17/01/26,,"$3,119.67","$601,384.35",,,,
26/01/2026,I,10,102,,VTA PADRE HIDALGO,,,$167.12,"$601,551.47",,,,
26/01/2026,I,10,102,,VTA PADRE HIDALGO,,,$57.26,"$601,608.73",,,,
26/01/2026,I,0,102,,VTA PADRE HIDALGO,,,"$1,269.03","$602,877.76",,,,
26/01/2026,I,10,102,,VENTAS PADRE HIDALGO,26/01/2026,,"$1,113.70","$603,991.46",,,,
26/01/2026,I,10,102,,VTA PADRE HIDALGO,21/01/26,,"$1,113.70","$605,105.16",,,,
26/01/2026,I,10,102,,VENTA PADRE HIDALGO,23/01/2026,,"$6,344.00","$611,449.16",,,,
26/01/2026,I,,102,,Dep. Efectivo,,,$793.50,"$612,242.66",,,,
26/01/2026,G,11,610,16675,N4 FELIX ALEJANDRO HERRERA H. RV ,,"$1,133.40",,"$611,109.26",,,,
26/01/2026,I,,102,,Dep. Efectivo,,,"$1,133.40","$612,242.66",,,,
26/01/2026,G,05,613,16676,N4 CAJA DE AHORRO  RRHH ,,"$60,897.54",,"$551,345.12",,,,
26/01/2026,G,50,613,16679,GASTO REPARACION DIA 03-01-2026 CANINDO ,,"$4,987.98",,"$546,357.14",,,,
26/01/2026,I,40.,102,,VENTA 8 ESQUINAS,26/01/2026,,"$60,897.54","$607,254.68",,,,
26/01/2026,I,,102,,Dep. Efectivo,,,"$4,987.98","$612,242.66",,,,
26/01/2026,G,30,610,16673,N4 LUIS FRANCISCO LOPEZ GUTIERREZ MORELIA ,,"$6,649.80",,"$605,592.86",,,,
26/01/2026,G,30,613,16678,GASTO REPARACION DIA 10-01-2026 MORELIA ,,"$1,980.00",,"$603,612.86",,,,
26/01/2026,G,30,613,16677,GASTO AGUA BEBER DIA 10-01-2026,,$528.00,,"$603,084.86",,,,
26/01/2026,I,,102,,Dep. Efectivo,,,"$2,057.00","$605,141.86",,,,
26/01/2026,I,42,102,,VENTAS LPA PAULINA ,23/01/2026,,"$6,950.00","$612,091.86",,,,
26/01/2026,I,42,102,,VENTAS LPA PAULINA ,,,"$8,391.00","$620,482.86",,,,
26/01/2026,TE,,-,,TRASPASO A BBVA ,,"$500,000.00",,"$120,482.86",,,,
26/01/2026,G,,612,,"DOMICILIACION PAGO SERVICIO 0040810 RFC FFS1512071T1 0,000,000.00COBRANZA POR DOMICILIACION 6154817812",,"$10,579.75",,"$109,903.11",,,,
27/01/2026,I,42,102,,VTA TARJETA LPA,26/01/2026,,"$2,846.24","$112,749.35",,,,
27/01/2026,I,50,102,,VENTAS CANINDO TARJETA ,26-01-26,,"$5,874.17","$118,623.52",,,,
27/01/2026,I,10,102,,VTA TARJETA 8E,26/01/2026,,"$8,396.75","$127,020.27",,,,
27/01/2026,I,,102,,TARJETA,,,"$2,417.01","$129,437.28",,,,
27/01/2026,I,,102,,TARJETA,,,"$12,969.09","$142,406.37",,,,
27/01/2026,I,10,102,,VTA TARJETA 8E,26/01/2026,,"$8,430.31","$150,836.68",,,,
27/01/2026,I,50,102,,VENTAS CANINDO TARJETA ,26-01-26,,"$7,556.03","$158,392.71",,,,
27/01/2026,I,42,102,,VTA TARJETA LPA,26/01/2026,,"$11,234.30","$169,627.01",,,,
27/01/2026,G,,612,,Comision,,$55.79,,"$169,571.22",,,,
27/01/2026,G,,147,,Iva,,$8.93,,"$169,562.29",,,,
27/01/2026,G,,612,,Comision,,$111.48,,"$169,450.81",,,,
27/01/2026,G,,147,,Iva,,$17.84,,"$169,432.97",,,,
27/01/2026,G,,612,,Comision,,$137.89,,"$169,295.08",,,,
27/01/2026,G,,147,,Iva,,$22.06,,"$169,273.02",,,,
27/01/2026,G,,612,,Comision,,$42.79,,"$169,230.23",,,,
27/01/2026,G,,147,,Iva,,$6.85,,"$169,223.38",,,,
27/01/2026,G,,612,,Comision,,$227.60,,"$168,995.78",,,,
27/01/2026,G,,147,,Iva,,$36.42,,"$168,959.36",,,,
27/01/2026,G,,612,,Comision,,$157.52,,"$168,801.84",,,,
27/01/2026,G,,147,,Iva,,$25.20,,"$168,776.64",,,,
27/01/2026,G,,612,,Comision,,$136.62,,"$168,640.02",,,,
27/01/2026,G,,147,,Iva,,$21.86,,"$168,618.16",,,,
27/01/2026,G,,612,,Comision,,$180.54,,"$168,437.62",,,,
27/01/2026,G,,147,,Iva,,$28.89,,"$168,408.73",,,,
27/01/2026,I,42,102,,VENTA LA PIEDAD ABASTOS PAULINA,26/01/2026,,"$7,816.50","$176,225.23",,,,
27/01/2026,I,42,102,,VENTA LA PIEDAD ABASTOS,27/01/2026,,$347.50,"$176,572.73",,,,
27/01/2026,I,42,102,,VENTA LA PIEDAD ABASTOS,26/01/2026,,"$31,606.00","$208,178.73",,,,
27/01/2026,I,40,102,,VENTA 8 ESQUINAS,26/01/2026,,"$56,125.50","$264,304.23",,,,
27/01/2026,I,10,102,,VTA PADRE HIDALGO,13/01/2026,,$373.00,"$264,677.23",,,,
27/01/2026,I,40,102,,VENTA 8 ESQUINAS,24/01/26,,"$2,924.00","$267,601.23",,,,
27/01/2026,TI,,-,,TRASPASO DE BB,,,"$70,000.00","$337,601.23",,,,
27/01/2026,TI,,-,,TRASPASO DE BB,,,"$50,000.00","$387,601.23",,,,
27/01/2026,TI,,-,,TRASPASO ENTRE CTAS,,,"$55,000.00","$442,601.23",,,,
27/01/2026,TI,,-,,TRASPASO DE BB,,,"$50,000.00","$492,601.23",,,,
27/01/2026,C,0,510,40,Ecodeli Comercial,,"$38,198.27",,"$454,402.96",,,,
27/01/2026,C,0,510,41,Comercializadora Dulcera de Abastos,,"$407,283.66",,"$47,119.30",,,,
28/01/2026,I,42,102,,VTA TARJETA LPA,27/01/2026,,$118.75,"$47,238.05",,,,
28/01/2026,I,50,102,,VENTAS CANINDO TARJETA ,27-01-26,,"$4,860.00","$52,098.05",,,,
28/01/2026,I,40,102,,VTA TARJETA 8E ,27/01/2026,,"$8,422.45","$60,520.50",,,,
28/01/2026,I,10,102,,VTA TARJETA PH,27/01/2026,,"$7,837.66","$68,358.16",,,,
28/01/2026,I,10,102,,VTA TARJETA PH,27/01/2026,,"$5,671.58","$74,029.74",,,,
28/01/2026,I,40,102,,VTA TARJETA 8E ,27/01/2026,,"$12,695.15","$86,724.89",,,,
28/01/2026,I,50,102,,VENTAS CANINDO TARJETA ,27-01-26,,"$13,227.12","$99,952.01",,,,
28/01/2026,I,42,102,,VTA TARJETA LPA,27/01/2026,,"$7,097.64","$107,049.65",,,,
28/01/2026,G,,612,,Comision,,$1.81,,"$107,047.84",,,,
28/01/2026,G,,147,,Iva,,$0.29,,"$107,047.55",,,,
28/01/2026,G,,612,,Comision,,$86.27,,"$106,961.28",,,,
28/01/2026,G,,147,,Iva,,$13.80,,"$106,947.48",,,,
28/01/2026,G,,612,,Comision,,$146.47,,"$106,801.01",,,,
28/01/2026,G,,147,,Iva,,$23.44,,"$106,777.57",,,,
28/01/2026,G,,612,,Comision,,$131.51,,"$106,646.06",,,,
28/01/2026,G,,147,,Iva,,$21.04,,"$106,625.02",,,,
28/01/2026,G,,612,,Comision,,$100.41,,"$106,524.61",,,,
28/01/2026,G,,147,,Iva,,$16.07,,"$106,508.54",,,,
28/01/2026,G,,612,,Comision,,$237.01,,"$106,271.53",,,,
28/01/2026,G,,147,,Iva,,$37.92,,"$106,233.61",,,,
28/01/2026,G,,612,,Comision,,$226.07,,"$106,007.54",,,,
28/01/2026,G,,147,,Iva,,$36.17,,"$105,971.37",,,,
28/01/2026,G,,612,,Comision,,$129.94,,"$105,841.43",,,,
28/01/2026,G,,147,,Iva,,$20.79,,"$105,820.64",,,,
28/01/2026,I,10,102,,VTA PADRE HIDALGO,26/01/26,,"$2,245.50","$108,066.14",,,,
28/01/2026,I,42,102,,VENTA LA PIEDAD ABASTOS,27/01/2026,,"$27,518.00","$135,584.14",,,,
28/01/2026,I,40,102,,VENTAS 8 ESQUINAS,27/01/2026,,"$3,950.00","$139,534.14",,,,
28/01/2026,I,42,102,,VENTA LA PIEDAD ABASTOS PAULINA,27/01/2026,,"$13,260.00","$152,794.14",,,,
28/01/2026,I,10,102,,VTA PADRE HIDALGO,27/01/26,,"$10,600.00","$163,394.14",,,,
28/01/2026,I,42,102,,VENTAS LA PIEDAD ABASTOS,,,"$1,252.00","$164,646.14",,,,
28/01/2026,I,10,102,,VTA PADRE HIDALGO,22/01/26,,"$3,298.00","$167,944.14",,,,
28/01/2026,I,10,102,,VENTA PADRE HIDALGO,26/01/2026,,"$2,930.00","$170,874.14",,,,
28/01/2026,I,10,102,,VENTA PADRE HIDALGO,23/01/2026,,"$5,837.00","$176,711.14",,,,
28/01/2026,TE,,-,,TRASPASO A BB 201,,"$150,000.00",,"$26,711.14",,,,
29/01/2026,I,42,102,,VTA TARJETA LPA,28/01/26,,"$7,960.18","$34,671.32",,,,
29/01/2026,I,50,102,,VENTAS CANINDO TARJETA ,28-01-26,,"$18,734.54","$53,405.86",,,,
29/01/2026,I,40,102,,VTA TARJETA 8E,28/01/2026,,"$9,973.68","$63,379.54",,,,
29/01/2026,I,10,102,,VTA TARJETA PH,28/01/2026,,"$5,867.53","$69,247.07",,,,
29/01/2026,I,10,102,,VTA TARJETA PH,28/01/2026,,"$13,642.15","$82,889.22",,,,
29/01/2026,I,40,102,,VTA TARJETA 8E,28/01/2026,,"$8,034.84","$90,924.06",,,,
29/01/2026,I,50,102,,VENTAS CANINDO TARJETA ,28-01-26,,"$3,584.16","$94,508.22",,,,
29/01/2026,I,42,102,,VTA TARJETA LPA,28/01/26,,"$1,029.26","$95,537.48",,,,
29/01/2026,G,,612,,Comision,,$145.30,,"$95,392.18",,,,
29/01/2026,G,,147,,Iva,,$23.25,,"$95,368.93",,,,
29/01/2026,G,,612,,Comision,,$362.27,,"$95,006.66",,,,
29/01/2026,G,,147,,Iva,,$57.96,,"$94,948.70",,,,
29/01/2026,G,,612,,Comision,,$170.40,,"$94,778.30",,,,
29/01/2026,G,,147,,Iva,,$27.26,,"$94,751.04",,,,
29/01/2026,G,,612,,Comision,,$103.03,,"$94,648.01",,,,
29/01/2026,G,,147,,Iva,,$16.48,,"$94,631.53",,,,
29/01/2026,G,,612,,Comision,,$247.78,,"$94,383.75",,,,
29/01/2026,G,,147,,Iva,,$39.64,,"$94,344.11",,,,
29/01/2026,G,,612,,Comision,,$135.60,,"$94,208.51",,,,
29/01/2026,G,,147,,Iva,,$21.70,,"$94,186.81",,,,
29/01/2026,G,,612,,Comision,,$56.42,,"$94,130.39",,,,
29/01/2026,G,,147,,Iva,,$9.03,,"$94,121.36",,,,
29/01/2026,G,,612,,Comision,,$19.56,,"$94,101.80",,,,
29/01/2026,G,,147,,Iva,,$3.13,,"$94,098.67",,,,
29/01/2026,I,42,102,,VENTAS LA PIEDAD ABASTOS,28/01/26,,"$48,341.00","$142,439.67",,,,
29/01/2026,I,42,102,,VENTAS LA PIEDAD ABASTOS,28/01/26,,"$8,758.00","$151,197.67",,,,
29/01/2026,I,10,102,,VTA PADRE HIDALGO,27/01/2026,,"$6,831.00","$158,028.67",,,,
29/01/2026,I,40,102,,VENTA 8 ESQUINAS,28/01/2026,,"$19,605.00","$177,633.67",,,,
29/01/2026,I,42,102,,VENTAS LA PIEDAD ABASTOS,28/01/26,,"$1,000.00","$178,633.67",,,,
29/01/2026,I,42,102,,VENTAS LA PIEDAD ABASTOS,,,"$1,000.00","$179,633.67",,,,
29/01/2026,G,50,610,16681,NOM 04,,"$1,938.00",,"$177,695.67",,,,
29/01/2026,I,50,102,,VENTAS CANINDO ,24-01-26,,"$1,938.00","$179,633.67",,,,
29/01/2026,TE,,-,,TRASPASO A BB 201,,"$150,000.00",,"$29,633.67",,,,
30/01/2026,I,42,102,,VENTAS LA PIEDAD ABASTOS,29/0126,,"$6,460.69","$36,094.36",,,,
30/01/2026,I,50,102,,VENTAS CANINDO TARJETA ,29-01-26,,"$10,194.67","$46,289.03",,,,
30/01/2026,I,42,102,,VENTAS LA PIEDAD ABASTOS,,,"$27,680.28","$73,969.31",,,,
30/01/2026,I,10,102,,VENTAS PADRE HIDALGO,29/01/26,,"$5,257.73","$79,227.04",,,,
30/01/2026,I,10,102,,VENTAS PADRE HIDALGO,29/01/26,,"$20,174.83","$99,401.87",,,,
30/01/2026,I,42,102,,VENTAS LA PIEDAD ABASTOS,,,"$13,632.86","$113,034.73",,,,
30/01/2026,I,50,102,,VENTAS CANINDO TARJETA ,29-01-26,,"$11,494.09","$124,528.82",,,,
30/01/2026,G,,612,,Comision,,$103.28,,"$124,425.54",,,,
30/01/2026,G,,147,,Iva,,$16.52,,"$124,409.02",,,,
30/01/2026,G,,612,,Comision,,$196.49,,"$124,212.53",,,,
30/01/2026,G,,147,,Iva,,$31.44,,"$124,181.09",,,,
30/01/2026,G,,612,,Comision,,$475.91,,"$123,705.18",,,,
30/01/2026,G,,147,,Iva,,$76.15,,"$123,629.03",,,,
30/01/2026,G,,612,,Comision,,$82.43,,"$123,546.60",,,,
30/01/2026,G,,147,,Iva,,$13.19,,"$123,533.41",,,,
30/01/2026,G,,612,,Comision,,$377.16,,"$123,156.25",,,,
30/01/2026,G,,147,,Iva,,$60.35,,"$123,095.90",,,,
30/01/2026,G,,612,,Comision,,$248.18,,"$122,847.72",,,,
30/01/2026,G,,147,,Iva,,$39.71,,"$122,808.01",,,,
30/01/2026,G,,612,,Comision,,$224.86,,"$122,583.15",,,,
30/01/2026,G,,147,,Iva,,$35.98,,"$122,547.17",,,,
30/01/2026,G,42,610,42,Nomina 05,,"$19,063.80",,"$103,483.37",,,,
30/01/2026,G,40,610,43,Nomina 05,,"$22,749.40",,"$80,733.97",,,,
30/01/2026,I,10,102,,VENTAS PADRE HIDALGO,29/1/26,,"$18,657.50","$99,391.47",,,,
30/01/2026,I,10,102,,VENTAS PADRE HIDALGO,23/01/26,,$794.74,"$100,186.21",,,,
30/01/2026,I,10,102,,VTA PADRE HIDALGO,09/01/26,,"$3,119.67","$103,305.88",,,,
30/01/2026,I,10,102,,VENTAS PADRE HIDALGO,,,$287.50,"$103,593.38",,,,
30/01/2026,I,10,102,,VENTAS PADRE HIDALGO,,,$256.04,"$103,849.42",,,,
30/01/2026,I,10,102,,VTA PADRE HIDALGO,03/01/2026,,$300.00,"$104,149.42",,,,
30/01/2026,I,10,102,,VTA PADRE HIDALGO,09/01/2026,,$958.38,"$105,107.80",,,,
30/01/2026,I,10,102,,VENTAS PADRE HIDALGO,,,$53.06,"$105,160.86",,,,
30/01/2026,I,10,102,,VENTAS PADRE HIDALGO,23/01/26,,"$3,284.33","$108,445.19",,,,
30/01/2026,I,10,102,,VENTAS PADRE HIDALGO,,,"$3,352.65","$111,797.84",,,,
30/01/2026,I,10,102,,VTA PADRE HIDALGO,12/01/2026,,$300.00,"$112,097.84",,,,
30/01/2026,I,10,102,,VENTAS PADRE HIDALGO,,,$83.00,"$112,180.84",,,,
30/01/2026,I,10,102,,VENTAS PADRE HIDALGO,,,$958.52,"$113,139.36",,,,
30/01/2026,I,10,102,,VENTAS PADRE HIDALGO,,,$201.01,"$113,340.37",,,,
30/01/2026,I,10,102,,VENTAS PADRE HIDALGO,,,$500.00,"$113,840.37",,,,
30/01/2026,I,10,102,,VENTAS PADRE HIDALGO,,,"$3,274.99","$117,115.36",,,,
30/01/2026,I,10,102,,VENTAS PADRE HIDALGO,12/01/2026,,$718.89,"$117,834.25",,,,
30/01/2026,I,10,102,,VENTAS PADRE HIDALGO,,,$94.18,"$117,928.43",,,,
30/01/2026,I,10,102,,VENTAS PADRE HIDALGO,,,$287.56,"$118,215.99",,,,
30/01/2026,I,10,102,,VENTAS PADRE HIDALGO,,,$48.65,"$118,264.64",,,,
30/01/2026,I,10,102,,VENTAS PADRE HIDALGO,,,$200.00,"$118,464.64",,,,
30/01/2026,I,10,102,,VTA PADRE HIDALGO,12/01/2026,,$300.00,"$118,764.64",,,,
30/01/2026,I,10,102,,VENTAS PADRE HIDALGO,,,$958.52,"$119,723.16",,,,
30/01/2026,I,10,102,,VENTAS PADRE HIDALGO,09/01/2026,,$155.32,"$119,878.48",,,,
30/01/2026,I,10,102,,VTA PADRE HIDALGO,12/01/2026,,$93.20,"$119,971.68",,,,
30/01/2026,I,10,102,,VTA PADRE HIDALGO,05/01/2026,,$188.34,"$120,160.02",,,,
30/01/2026,I,90,102,,VTA. YURECUARO,,,"$1,917.04","$122,077.06",,,,
30/01/2026,I,10,102,,VENTAS PADRE HIDALGO,,,$670.96,"$122,748.02",,,,
30/01/2026,I,10,102,,VENTAS PADRE HIDALGO,,,"$12,000.00","$134,748.02",,,,
30/01/2026,I,10,102,,VENTAS PADRE HIDALGO,,,$27.16,"$134,775.18",,,,
30/01/2026,I,10,102,,VENTAS PADRE HIDALGO,,,$17.30,"$134,792.48",,,,
30/01/2026,I,10,102,,VENTAS PADRE HIDALGO,,,$241.91,"$135,034.39",,,,
30/01/2026,I,10,102,,VENTAS PADRE HIDALGO,20/01/26,,"$1,113.70","$136,148.09",,,,
30/01/2026,I,10,102,,VENTAS PADRE HIDALGO,,,$250.00,"$136,398.09",,,,
30/01/2026,I,10,102,,VENTAS PADRE HIDALGO,,,$250.00,"$136,648.09",,,,
30/01/2026,I,10,102,,VENTAS PADRE HIDALGO,17/01/26,,$300.00,"$136,948.09",,,,
30/01/2026,I,10,102,,VENTAS PADRE HIDALGO,,,$958.38,"$137,906.47",,,,
30/01/2026,I,10,102,,VENTAS PADRE HIDALGO,,,$958.38,"$138,864.85",,,,
30/01/2026,I,10,102,,VENTAS PADRE HIDALGO,,,$250.00,"$139,114.85",,,,
30/01/2026,I,10,102,,VENTAS PADRE HIDALGO,,,$125.00,"$139,239.85",,,,
30/01/2026,I,10,102,,VTA PADRE HIDALGO,28/01/2026,,"$11,029.00","$150,268.85",,,,
30/01/2026,I,42,102,,VENTAS LA PIEDAD ABASTOS,29/01/26,,"$34,114.00","$184,382.85",,,,
30/01/2026,I,10,102,,VENTAS PADRE HIDALGO,,,"$103,312.00","$287,694.85",,,,
30/01/2026,I,10,102,,VENTAS PADRE HIDALGO,,,"$7,778.50","$295,473.35",,,,
30/01/2026,I,10,102,,VENTAS PADRE HIDALGO,23/01/26,,$128.35,"$295,601.70",,,,
30/01/2026,I,10,102,,VENTAS PADRE HIDALGO,,,$731.75,"$296,333.45",,,,
30/01/2026,I,10,102,,VENTAS PADRE HIDALGO,,,$115.17,"$296,448.62",,,,
30/01/2026,I,,102,,Dep. Efectivo,,,$30.00,"$296,478.62",,,,
30/01/2026,I,,102,,Dep. Efectivo,,,$29.00,"$296,507.62",,,,
30/01/2026,I,,102,,Dep. Efectivo,,,$40.00,"$296,547.62",,,,
30/01/2026,I,,102,,Dep. Efectivo,,,$40.00,"$296,587.62",,,,
30/01/2026,I,,102,,Dep. Efectivo,,,$66.00,"$296,653.62",,,,
30/01/2026,G,72,612,,MEMBRESIA ESP,,"$1,299.00",,"$295,354.62",,,,
30/01/2026,G,72,147,,Iva,,$207.84,,"$295,146.78",,,,
30/01/2026,I,40,102,,VENTA 8 ESQUINAS,25/01/26,,$470.33,"$295,617.11",,,,
30/01/2026,I,40,102,,VENTA 8 ESQUINAS,26/01/2026,,"$3,553.62","$299,170.73",,,,
30/01/2026,I,40,102,,VENTA 8 ESQUINAS,27/01/2026,,$522.00,"$299,692.73",,,,
30/01/2026,I,10,102,,VENTAS PADRE HIDALGO,,,"$2,000.00","$301,692.73",,,,
30/01/2026,I,75,102,,Vta.Tlmk Ph Cecy Fruta,20/1/2026,,"$2,227.00","$303,919.73",,,,
30/01/2026,I,10,102,,VTA PADRE HIDALGO,28/01/2026,,"$2,945.00","$306,864.73",,,,
30/01/2026,I,10,102,,VTA PADRE HIDALGO,27/01/2026,,"$3,191.00","$310,055.73",,,,
30/01/2026,G,30,613,16689,GASTO AGUA BEBER DIA 17-01-2026,,$198.00,,"$309,857.73",,,,
30/01/2026,G,30,613,16690,GASTO AGUA BEBER DIA 19-01-2026,,$231.00,,"$309,626.73",,,,
30/01/2026,G,66,610,16687,N5 LUIS FRANCISCO LOPREZ GTZ CAN-TLMK,,"$1,876.80",,"$307,749.93",,,,
30/01/2026,G,30,613,16691,GASTO VIGILANCIA DIA 19-01-2026,,$400.00,,"$307,349.93",,,,
30/01/2026,I,50,102,,VENTAS CANINDO,31-01-26,,"$1,876.80","$309,226.73",,,,
30/01/2026,G,30,613,16692,GASTO MNTTO DE LOCAL DIA 19-01-2026,,"$3,720.00",,"$305,506.73",,,,
30/01/2026,G,05,613,16682,N5 CAJA DE AHORRO RH ,,"$60,071.16",,"$245,435.57",,,,
30/01/2026,I,10,102,,VENTAS PADRE HIDALGO,,,"$60,071.16","$305,506.73",,,,
30/01/2026,G,30,613,16693,GASTO MNTTO DE LOCAL DIA 19-01-2026,,"$8,526.00",,"$296,980.73",,,,
30/01/2026,G,30,613,16695,GASTO MNTTO DE LOCAL DIA 30-01-2026,,"$4,300.00",,"$292,680.73",,,,
30/01/2026,G,11,610,16688,N5 FELIX ALEJANDRO HERRERA H. RV ,,"$1,633.40",,"$291,047.33",,,,
30/01/2026,G,33,610,16683,N5 LUIS FRANCISCO LOPREZ GTZ RV-MORELIA ,,"$6,590.40",,"$284,456.93",,,,
30/01/2026,I,,102,,Dep. Efectivo,,,"$1,633.40","$286,090.33",,,,
30/01/2026,G,30,613,16684,N5 FINIQUITO PATRICIA HERNANDEZ ZAVALA MORELIA ,,"$8,123.40",,"$277,966.93",,,,
30/01/2026,G,73,610,16696,N5 JUAN ALEXANDER LOPEZ VARGAS PH-TLMK,,"$1,077.60",,"$276,889.33",,,,
30/01/2026,I,,102,,Dep. Efectivo,,,"$1,077.60","$277,966.93",,,,
30/01/2026,G,76,613,16685,N5 FINIQUITO JUAN CARLOS ORTEGA TAPIA MOR-TLMK,,"$5,329.40",,"$272,637.53",,,,
30/01/2026,G,50,613,16694,GASTO REPARACION VEHICULAR DIA 24-01-2026,,"$2,338.00",,"$270,299.53",,,,
30/01/2026,G,64,610,16686,N5 LUIS FRANCISCO LOPEZ GTZ MADERO ,,"$1,335.40",,"$268,964.13",,,,
30/01/2026,I,,102,,Dep. Efectivo,,,"$2,338.00","$271,302.13",,,,
30/01/2026,TE,,-,,TRASPASO A BBVA 5712,,"$250,000.00",,"$21,302.13",,,,
,,,,,,,,,,,,,
,,,,,,,"$9,139,749.52","$9,161,051.65",,,,,
,,,,,,,,,"$21,302.13",,,,
,,,,,,,,,$0.00,,,,